Post Date,Check,Description,Debit,Credit,Balance,Card,Transaction Type,Purchase Type,Monthly,Key,,,
06-17-2022,,Withdrawal ACH CITI CARD ONLINE/TYPE: PAYMENT ID: CITICTP CO: CITI CARD ONLINE NAME: MARTHA G HERNANDEZ,441.08,,13542.04,0001,B,Supplies,N,Martha = 0001 ,,,
06-17-2022,,Withdrawal ACH *LINCOLN NATLIFE/TYPE: PREMPAYMNT ID: 3504728231 DATA: 0018400TER CO: *LINCOLN NATLIFE,316.91,,13983.12,2272,B,Insurance,N,Blakes = 2675,,,
06-17-2022,,Withdrawal ACH ATT/TYPE: Payment ID: 9864031004 CO: ATT,80.42,,14300.03,0718,B,Phone,N,Symantha = 0718,,,
06-17-2022,,Deposit ACH PEAK6 GROUP/TYPE: PAYMENT ID: 1364166492 CO: PEAK6 GROUP,,1194.72,14380.45,,,,no,Sal = 2272,,,
06-17-2022,,Withdrawal DEBIT CARD/MI TRADICION AUSTIN TX Date 06/16/22 24275392167900019203933 Card 2272Merchant Category Code: 5462,20.78,,13185.73,2272,P,Food,N,Celi = 4969,,,
06-17-2022,,Withdrawal DEBIT CARD/THE CROMEENS LAW FIRM HOUSTON TX Date 06/16/22 24559302167900014382712 Card 2272Merchant Category Code: 8111,905.00,,13206.51,2272,B,Law,N,Sal = 2272,,,
06-16-2022,,Withdrawal DEBIT CARD/CHEVRON 0309325 AUSTIN TX Date 06/16/22 24692162167100437300732 Card 2675Merchant Category Code: 5542,52.20,,14111.51,2675,B,Gas,N,,,,
06-16-2022,,Withdrawal DEBIT CARD/DD DOORDASH SONICDRIV 855-973-1040 CA Date 06/16/22 24492152167715947820136 Card 2272Merchant Category Code: 5812,27.28,,14163.71,2272,P,Food/Entertainment,N,,,,
06-16-2022,,Withdrawal POS #216715101377/POS H-E-B #265 CEDAR PARK TX Card 4969 Merchant Category Code: 5411,96.45,,14190.99,4969,P,Groceries,N,,,,
06-16-2022,2576,Check 2576 Tracer 820300000342417,2640.00,,14287.44,na,B,Check,N,,,,
06-16-2022,2578,Check 2578 Tracer 820300000168001,1536.00,,16927.44,na,B,Check,N,,,,
06-16-2022,,Deposit Reconciled 0000026,,0.00,0.00,,,,no,,,,
06-16-2022,,Withdrawal Cash,3100.00,,18463.44,na,B,Withdrawal,N,,,,
06-16-2022,,"Deposit Bulk/Checks 15,050.94 Check Count 9 Deposit Number 0000026",,15050.94,21563.44,,,,no,,,,
06-16-2022,,Withdrawal ACH INTUIT 78525985/TYPE: TRAN FEE ID: 9215986202 CO: INTUIT 78525985,49.22,,6512.50,0001,B,Software,N,,,,
06-16-2022,,Deposit ACH INTUIT 12762285/TYPE: DEPOSIT ID: 9215986202 CO: INTUIT 12762285,,1688.70,6561.72,,,,no,,,,
06-16-2022,,Withdrawal DEBIT CARD/DD DOORDASH BUFFALOWI 855-973-1040 CA Date 06/16/22 24492152167743914896715 Card 4969Merchant Category Code: 5812,46.67,,4873.02,4969,P,Food/Entertainment,N,,,,
06-16-2022,,Withdrawal POS #216700509642/POS 7-ELEVEN 1870 S. Bagdad Roa US TX Card 2675Merchant Category Code: 5542,74.19,,4919.69,2675,B,Gas,N,,,,
06-16-2022,,Uncollected Fee/Due since 06/15/22 - Courtesy Pay-Dbt,34.00,,4993.88,na,B,Fee,N,,,,
06-16-2022,,Uncollected Fee/Due since 06/15/22 - Overdrawn ACH,34.00,,5027.88,na,B,Fee,N,,,,
06-16-2022,,Uncollected Fee/Due since 06/15/22 - Courtesy Pay-ACH,34.00,,5061.88,na,B,Fee,N,,,,
06-15-2022,,Deposit ACH UFCU/TYPE: EFT ID: 314977405 CO: UFCU DATA: EFT BATCH # 1325,,320.00,5095.88,,,,no,,,,
06-15-2022,,Deposit ACH UFCU/TYPE: EFT ID: 314977405 CO: UFCU DATA: EFT BATCH # 1325,,185.00,4775.88,,,,no,,,,
06-15-2022,,Withdrawal DEBIT CARD/RANDALLS #3145 LEANDER TX Date 06/14/22 24231682166837001536003 Card 4969Merchant Category Code: 5411,110.46,,4590.88,4969,P,Groceries,N,,,,
06-15-2022,,Deposit Reconciled 0000028,,0.00,0.00,,,,no,,,,
06-15-2022,,Withdrawal/United Heritage Charity Foundation,25.00,,4701.34,2272,B,Charity,N,,,,
06-15-2022,,"Deposit Bulk/Checks 5,536.41 Check Count 5 Deposit Number 0000028",,5536.41,4726.34,,,,no,,,,
06-15-2022,,Uncollected Fee of $34.00 is Due,,0.00,0.00,,,,no,,,,
06-15-2022,,Courtesy Pay-Dbt,,0.00,-810.07,,,,no,,,,
06-15-2022,,Withdrawal POS #216600376375/POS 7-ELEVEN 1870 S. Bagdad Roa US TX Card 4969Merchant Category Code: 5542,57.56,,-810.07,4969,B,Gas,N,,,,
06-15-2022,,Uncollected Fee of $34.00 is Due,,0.00,0.00,,,,no,,,,
06-15-2022,,Overdrawn ACH/WEBFILE TAX PYMT,,0.00,-752.51,,,,no,,,,
06-15-2022,,Uncollected Fee of $34.00 is Due,,0.00,0.00,,,,no,,,,
06-15-2022,,Courtesy Pay-ACH,,0.00,-752.51,,,,no,,,,
06-15-2022,,Withdrawal ACH IRS/TYPE: USATAXPYMT ID: 3387702000 CO: IRS,2500.00,,-752.51,2272,B,Tax,N,,,,
06-15-2022,,Withdrawal ACH THE GUARDIAN/TYPE: INSUR PREM ID: 9555845001 CO: THE GUARDIAN,849.54,,1747.49,2272,P,Insurance,N,,,,
06-15-2022,,Withdrawal ACH DISCOVER/TYPE: E-PAYMENT ID: 3510020270 DATA: DC PYMNTS DCIDPIINT CO: DISCOVER NAME: HERNANDEZ SALVADOR,500.00,,2597.03,2272,B,Supplies,N,,,,
06-15-2022,,Withdrawal ACH CAPITAL ONE/TYPE: CRCARDPMT ID: 9541719018 CO: CAPITAL ONE,300.00,,3097.03,0001,,,N,,,,
06-15-2022,,"Withdrawal ACH City of Austin T/TYPE: PAYMENT ID: 5746000085 CO: City of Austin T NAME: GONZALEZ VARGAS, MICHE",189.84,,3397.03,0718,B,Utilities,N,,,,
06-15-2022,,Withdrawal ACH GUSTO/TYPE: HPT 233797 ID: 9138864001 DATA: 3qhk CO: GUSTO,51.00,,3586.87,2272,B,Software,N,,,,
06-15-2022,,Withdrawal ACH HUMANA COMPBENEF/TYPE: 7709988936 ID: 2591843760 CO: HUMANA COMPBENEF,50.74,,3637.87,0001,,Insurance,N,,,,
06-15-2022,,Withdrawal DEBIT CARD/LOTUS HUNAN AUSTIN TX Date 06/14/22 24801972166091154000392 Card 2272Merchant Category Code: 5814,78.92,,3688.61,2272,P,Food/Entertainment,N,,,,
06-14-2022,2556,Check 2556 Tracer 820100000346318,1060.00,,3767.53,NA,B,Check,N,,,,
06-14-2022,,Deposit Reconciled 0000020,,0.00,0.00,,,,no,,,,
06-14-2022,,Deposit Bulk/Checks 665.74 Check Count 1 Deposit Number 0000020,,665.74,4827.53,,,,no,,,,
06-14-2022,,Withdrawal ACH GUSTO/TYPE: TAX 128831 ID: 9138864001 DATA: 3qhk CO: GUSTO,1755.35,,4161.79,2272,B,Tax,N,,,,
06-14-2022,,Withdrawal ACH FARMERS INS EXCH/TYPE: INSPAYMENT ID: 2432215866 DATA: BILL PAYMENT CO: FARMERS INS EXCH,661.91,,5917.14,2272,B,Insurance,N,,,,
06-14-2022,,Withdrawal ACH LendingClub/TYPE: 8885963157 ID: 8510605731 DATA: Y CO: LendingClub,498.15,,6579.05,2272,B,Supplies,N,,,,
06-14-2022,,Withdrawal DEBIT CARD/TEXASGASSERVICE 800-700-2443 OK Date 06/13/22 24492152164713615418401 Card 0718Merchant Category Code: 4900,29.07,,7077.20,0718,B,Utilities,N,,,,
06-14-2022,,Withdrawal DEBIT CARD/H-E-B #265 CEDAR PARK TX Date 06/13/22 24427332164740273926142 Card 4969Merchant Category Code: 5411,175.00,,7106.27,4969,P,Groceries,N,,,,
06-13-2022,2563,Check 2563 Tracer 820000000440692,350.00,,7281.27,NA,B,Check,N,,,,
06-13-2022,2555,Check 2555 Tracer 820000000441099,2800.00,,7631.27,NA,B,Check,N,,,,
06-13-2022,,Withdrawal POS #216413994856/POS QT 4143 CEDAR PARK TX Card 2675 Merchant Category Code: 5542,166.31,,10431.27,2675,B,Gas,N,,,,
06-13-2022,,Withdrawal DEBIT CARD/CINEMARK THEATRES 1032 CEDAR PARK TX Date 06/12/22 24692162164100760593922 Card 4969Merchant Category Code: 7832,31.67,,10597.58,4969,P,Food/Entertainment,N,,,,
06-13-2022,,Withdrawal POS #216483296801/POS NST THE HOME DEPOT 001976 11301 LAKELINE RD AUSTIN TX Card 2675Merchant Category Code: 5200,18.53,,10629.25,2675,B,Supplies,N,,,,
06-13-2022,,Withdrawal ACH INTUIT 58262225/TYPE: TRAN FEE ID: 9215986202 CO: INTUIT 58262225,48.75,,10647.78,0001,B,Software,N,,,,
06-13-2022,,Withdrawal ACH INTUIT 51291855/TYPE: TRAN FEE ID: 9215986202 CO: INTUIT 51291855,31.63,,10696.53,0001,B,Software,N,,,,
06-13-2022,,Withdrawal DEBIT CARD/H-E-B #265 CEDAR PARK TX Date 06/12/22 24427332163740270023688 Card 2272Merchant Category Code: 5411,19.98,,10728.16,2272,P,Groceries,N,,,,
06-13-2022,,Withdrawal DEBIT CARD/H-E-B #265 CEDAR PARK TX Date 06/12/22 24427332163740270023605 Card 2272Merchant Category Code: 5411,63.01,,10748.14,2272,P,Groceries,N,,,,
06-13-2022,,Deposit ACH INTUIT 92655445/TYPE: DEPOSIT ID: 9215986202 CO: INTUIT 92655445,,1426.58,10811.15,,,,no,,,,
06-13-2022,,Deposit ACH INTUIT 85713605/TYPE: DEPOSIT ID: 9215986202 CO: INTUIT 85713605,,922.91,9384.57,,,,no,,,,
06-13-2022,,Withdrawal DEBIT CARD/PRO SERVE ENTERPRISE AUSTIN TX Date 06/10/22 24251382163030112580129 Card 2675Merchant Category Code: 2842,30.70,,8461.66,2675,B,Supplies,N,,,,
06-13-2022,,Recurring Withdrawal DEBIT CARD/MCW308-WHITESTONE 866-2543229 TX Date 06/12/22 24071052163939135729298 Card 2272Merchant Category Code: 7542,19.99,,8492.36,2272,,,Y,,,,
06-12-2022,,Withdrawal DEBIT CARD/DD DOORDASH WINGSTOP 855-973-1040 CA Date 06/12/22 24492152163715438324972 Card 4969Merchant Category Code: 5812,23.82,,8512.35,4968,P,Food/Entertainment,N,,,,
06-12-2022,,Withdrawal DEBIT CARD/RAISING CANE'S 618 CEDAR PARK TX Date 06/12/22 24231682163698401985858 Card 2272Merchant Category Code: 5814,18.38,,8536.17,2272,P,Food/Entertainment,N,,,,
06-12-2022,,Withdrawal POS #216327809082/POS NNT LAKE LINE FOOD 832597 1075 N LINE BLVD 1 CEDAR PARK TX Card 2272Merchant Category Code: 5999,31.24,,8554.55,2272,P,Food/Entertainment,N,,,,
06-12-2022,,Withdrawal POS #216320886166/POS ACADEMY SPORTS #123 CEDAR PARK TX Card 4969 Merchant Category Code: 5941,139.99,,8585.79,4969,P,Food/Entertainment,N,,,,
06-12-2022,,Withdrawal DEBIT CARD/TST* Guaco Taco - Leander Leander TX Date 06/11/22 24692162163100022088787 Card 4969Merchant Category Code: 5812,44.99,,8725.78,4969,P,Food/Entertainment,N,,,,
06-12-2022,,Withdrawal DEBIT CARD/CRICKET WRLS#70145661 CEDAR PARK TX Date 06/11/22 24692162163100777490436 Card 2272Merchant Category Code: 4812,98.33,,8770.77,2272,,,N,,,,
06-12-2022,,Withdrawal DEBIT CARD/PAYPAL *HITECHPOWER HIT 402-935-7733 CA Date 06/11/22 24492152162894142809858 Card 0001Merchant Category Code: 4816,212.50,,8869.10,0001,B,Pressure Wash,N,,,,
06-12-2022,,Withdrawal DEBIT CARD/PAYPAL *HITECHPOWER HITEC 402-935-7733 Date 06/11/22 24492152162852142624727 Card 0001Merchant Category Code: 4816,584.37,,9081.60,0001,B,Pressure Wash,N,,,,
06-12-2022,,Withdrawal DEBIT CARD/PAYPAL *HITECHPOWER HITEC 402-935-7733 Date 06/11/22 24492152162852142504713 Card 0001Merchant Category Code: 4816,345.31,,9665.97,0001,B,Pressure Wash,N,,,,
06-12-2022,,Withdrawal DEBIT CARD/PAYPAL *HITECHPOWER HIT 402-935-7733 CA Date 06/11/22 24492152162894142724750 Card 0001Merchant Category Code: 4816,159.37,,10011.28,0001,B,Pressure Wash,N,,,,
06-11-2022,,Withdrawal POS #216216297675/POS H-E-B #029 W LAKE HILLS TX Card 0718 Merchant Category Code: 5411,62.15,,10170.65,0718,P,Groceries,N,,,,
06-11-2022,,Withdrawal POS #216200343052/POS 7-ELEVEN 11643 Research Blv US TX Card 2675Merchant Category Code: 5542,77.23,,10232.80,2675,B,Gas,N,,,,
06-11-2022,,Deposit Reconciled 0000024,,0.00,0.00,,,,no,,,,
06-11-2022,,"Deposit Bulk/Checks 4,436.09 Check Count 3 Deposit Number 0000024",,4436.09,10310.03,,,,no,,,,
06-11-2022,,"Withdrawal Transfer/To HERNANDEZ,MARTHA 331014 Loan 02",447.78,,5873.94,0001,P,,N,,,,
06-11-2022,,Withdrawal POS #216283923301/POS NST THE HOME DEPOT 002860 1200 HOME DEPOT BLVD SUNSET VALLEY TX Card 2675Merchant Category Code: 5200,24.94,,6321.72,2675,B,Supplies,N,,,,
06-11-2022,,Withdrawal DEBIT CARD/H-E-B #719 SAN ANTONIO TX Date 06/10/22 24427332161740289597054 Card 4969Merchant Category Code: 5411,5.95,,6346.66,4969,P,Groceries,N,,,,
06-11-2022,,Withdrawal POS #216123142074/POS H-E-B GAS /CARWASH #719 SAN ANTONIO Card 4969 Merchant Category Code: 5542,61.34,,6352.61,4969,B,Gas,N,,,,
06-11-2022,,Withdrawal at ATM #216100002261/ATM RBFCU 11432 W LOOP 1604 N SAN TX Card 4969Merchant Category Code: 6011,500.00,,6413.95,4969,,,N,,,,
06-11-2022,,Uncollected Fee/Due since 06/10/22 - Courtesy Pay-Dbt,34.00,,6913.95,NA,B,Fee,N,,,,
06-11-2022,,Uncollected Fee/Due since 06/10/22 - Courtesy Pay-Dbt,34.00,,6947.95,NA,B,Fee,N,,,,
06-11-2022,,Uncollected Fee/Due since 06/10/22 - Courtesy Pay-Dbt,34.00,,6981.95,NA,B,Fee,N,,,,
06-11-2022,,Uncollected Fee/Due since 06/09/22 - Courtesy Pay-Dbt,34.00,,7015.95,NA,B,Fee,N,,,,
06-11-2022,,Uncollected Fee/Due since 06/09/22 - Courtesy Pay-Dbt,34.00,,7049.95,NA,B,Fee,N,,,,
06-11-2022,,Uncollected Fee/Due since 06/09/22 - Courtesy Pay-Dbt,34.00,,7083.95,NA,B,Fee,N,,,,
06-11-2022,,Uncollected Fee/Due since 06/08/22 - Courtesy Pay-Dbt,34.00,,7117.95,NA,B,Fee,N,,,,
06-11-2022,,Uncollected Fee/Due since 06/07/22 - UNPAIDNSF,34.00,,7151.95,NA,B,Fee,N,,,,
06-11-2022,,Uncollected Fee/Due since 06/07/22 - UNPAIDNSF,34.00,,7185.95,NA,B,Fee,N,,,,
06-11-2022,,Uncollected Fee/Due since 06/07/22 - UNPAIDNSF,34.00,,7219.95,NA,B,Fee,N,,,,
06-11-2022,,Uncollected Fee/Due since 06/07/22 - Courtesy Pay-Ck,34.00,,7253.95,NA,B,Fee,N,,,,
06-11-2022,,Uncollected Fee/Due since 06/07/22 - Courtesy Pay-Dbt,34.00,,7287.95,NA,B,Fee,N,,,,
06-11-2022,,Uncollected Fee/Due since 06/07/22 - Courtesy Pay-Dbt,34.00,,7321.95,NA,B,Fee,N,,,,
06-11-2022,,Uncollected Fee/Due since 06/07/22 - Courtesy Pay-ACH,34.00,,7355.95,NA,B,Fee,N,,,,
06-10-2022,2550,Check 2550 Tracer 819700000403775,1442.50,,7389.95,NA,B,Check,N,,,,
06-10-2022,,Deposit ACH Texas Windstrom/TYPE: PAYABLES ID: 2746189303 DATA: DYNAMICS EFT DEPOSIT CO: Texas Windstrom,,9022.89,8832.45,,,,no,,,,
06-10-2022,,Uncollected Fee of $34.00 is Due,,0.00,0.00,,,,no,,,,
06-10-2022,,Courtesy Pay-Dbt,,0.00,-190.44,,,,no,,,,
06-10-2022,,Withdrawal DEBIT CARD/DD DOORDASH TACOPALEN 855-973-1040 CA Date 06/10/22 24492152161717139736134 Card 4969Merchant Category Code: 5812,61.44,,-190.44,4969,P,Food/Entertainment,N,,,,
06-10-2022,,Uncollected Fee of $34.00 is Due,,0.00,0.00,,,,no,,,,
06-10-2022,,Courtesy Pay-Dbt,,0.00,-129.00,,,,no,,,,
06-10-2022,,Withdrawal POS #216100472412/POS SAMS CLUB #4720 SAM'S Club AUSTIN TX Card 2675 Merchant Category Code: 5300,53.22,,-129.00,2675,P,Groceries,N,,,,
06-10-2022,,Uncollected Fee of $34.00 is Due,,0.00,0.00,,,,no,,,,
06-10-2022,,Courtesy Pay-Dbt,,0.00,-75.78,,,,no,,,,
06-10-2022,,Withdrawal DEBIT CARD/CHICK-FIL-A #01043 SAN ANTONIO TX Date 06/08/22 24427332160710007293873 Card 4969Merchant Category Code: 5814,48.40,,-75.78,4969,P,Food/Entertainment,N,,,,
06-09-2022,,Uncollected Fee of $34.00 is Due,,0.00,0.00,,,,no,,,,
06-09-2022,,Courtesy Pay-Dbt,,0.00,-27.38,,,,no,,,,
06-09-2022,,Withdrawal DEBIT CARD/LA MARGARITA SAN ANTONIO TX Date 06/08/22 24009582160100231404106 Card 4969Merchant Category Code: 5812,21.21,,-27.38,4969,P,Food/Entertainment,N,,,,
06-09-2022,,Uncollected Fee of $34.00 is Due,,0.00,0.00,,,,no,,,,
06-09-2022,,Courtesy Pay-Dbt,,0.00,-6.17,,,,no,,,,
06-09-2022,,Recurring Withdrawal Bill Payment - #216025700568/BP ADOBE ACROPRO SUBS 408-536-6000 CA Card 0001 Merchant Category Code: 5734,16.23,,-6.17,0001,B,Software,Y,,,,
06-09-2022,,Uncollected Fee of $34.00 is Due,,0.00,0.00,,,,no,,,,
06-09-2022,,Courtesy Pay-Dbt,,0.00,10.06,,,,no,,,,
06-09-2022,,Withdrawal DEBIT CARD/H-E-B #224 SAN ANTONIO TX Date 06/08/22 24427332159740276580091 Card 4969Merchant Category Code: 5411,139.42,,10.06,4969,P,Groceries,N,,,,
06-08-2022,,Uncollected Fee of $34.00 is Due,,0.00,0.00,,,,no,,,,
06-08-2022,,Courtesy Pay-Dbt,,0.00,149.48,,,,no,,,,
06-08-2022,,Withdrawal POS #215900738989/POS 7-ELEVEN 11643 Research Blv US TX Card 2675Merchant Category Code: 5542,75.51,,149.48,2675,B,Gas,N,,,,
06-08-2022,2559,Check 2559 Tracer 819500000268001,3450.00,,224.99,NA,B,Check,N,,,,
06-08-2022,,Withdrawal Courtesy Pay fee,34.00,,3674.99,NA,B,Fee,N,,,,
06-08-2022,,Withdrawal POS #215913494011/POS H-E-B #029 W LAKE HILLS TX Card 0718 Merchant Category Code: 5411,225.08,,3708.99,0718,P,Groceries,N,,,,
06-08-2022,,Deposit Reconciled 0000015,,0.00,0.00,,,,no,,,,
06-08-2022,,"Deposit Bulk/Checks 5,683.13 Check Count 3 Deposit Number 0000015",,5683.13,3934.07,,,,no,,,,
06-08-2022,2554,Check 2554 Tracer 000000000443020,1450.00,,-1749.06,NA,B,Check,N,,,,
06-08-2022,2553,Check 2553 Tracer 000000000443027,892.50,,-299.06,NA,B,Check,N,,,,
06-08-2022,,Withdrawal DEBIT CARD/IH 35 LOTS SAN ANTONIO TX Date 06/07/22 24692162159100650874876 Card 4969Merchant Category Code: 7523,3.00,,593.44,4969,P,Food/Entertainment,N,,,,
06-08-2022,,"Deposit/Bill.com, LLC Visa Direct CA Date 06/08/22 0 2159844306 2 5734 Card 0001Merchant Category Code: 5734",,2048.88,596.44,,,,no,,,,
06-07-2022,,Uncollected Fee of $34.00 is Due,,0.00,0.00,,,,no,,,,
06-07-2022,,"UNPAIDNSF 2554/In the amount $1,450.00.",,0.00,-1452.44,,,,no,,,,
06-07-2022,,Uncollected Fee of $34.00 is Due,,0.00,0.00,,,,no,,,,
06-07-2022,,UNPAIDNSF 2553/In the amount $892.50.,,0.00,-1452.44,,,,no,,,,
06-07-2022,,Uncollected Fee of $34.00 is Due,,0.00,0.00,,,,no,,,,
06-07-2022,,"UNPAIDNSF 2551/In the amount $3,000.00.",,0.00,-1452.44,,,,no,,,,
06-07-2022,,Uncollected Fee of $34.00 is Due,,0.00,0.00,,,,no,,,,
06-07-2022,,Courtesy Pay-Ck,,0.00,-1452.44,,,,no,,,,
06-07-2022,2541,Check 2541 Tracer 819400000443028,892.50,,-1452.44,NA,B,Check,N,,,,
06-07-2022,,Uncollected Fee of $34.00 is Due,,0.00,0.00,,,,no,,,,
06-07-2022,,Courtesy Pay-Dbt,,0.00,-559.94,,,,no,,,,
06-07-2022,,Withdrawal DEBIT CARD/TACO BLVD 210-9982282 TX Date 06/06/22 24000972158353302955805 Card 4969Merchant Category Code: 5812,40.25,,-559.94,4969,P,Food/Entertainment,N,,,,
06-07-2022,,Uncollected Fee of $34.00 is Due,,0.00,0.00,,,,no,,,,
06-07-2022,,Courtesy Pay-Dbt,,0.00,-519.69,,,,no,,,,
06-07-2022,,Withdrawal DEBIT CARD/IH 35 LOTS SAN ANTONIO TX Date 06/06/22 24692162158100813353926 Card 4969Merchant Category Code: 7523,3.00,,-519.69,4969,P,Food/Entertainment,N,,,,
06-07-2022,,Uncollected Fee of $34.00 is Due,,0.00,0.00,,,,no,,,,
06-07-2022,,Courtesy Pay-ACH,,0.00,-516.69,,,,no,,,,
06-07-2022,,Withdrawal ACH FARMERS INS EXCH/TYPE: INSPAYMENT ID: 2432215866 DATA: BILL PAYMENT CO: FARMERS INS EXCH,1005.33,,-516.69,2272,B,Insurance,N,,,,
06-07-2022,,Withdrawal ACH *LINCOLN NATLIFE/TYPE: PREMPAYMNT ID: 3504728231 DATA: 0018400TER CO: *LINCOLN NATLIFE,105.20,,488.64,2272,P,Insurance,N,,,,
06-07-2022,,Withdrawal DEBIT CARD/H-E-B GAS/CAR WASH#224 SAN ANTONIO TX Date 06/06/22 24427332157740271299004 Card 4969Merchant Category Code: 5542,73.70,,593.84,4969,B,Gas,N,,,,
06-07-2022,,Uncollected Fee/Due since 06/05/22 - Overdrawn Debit,34.00,,667.54,NA,B,Fee,N,,,,
06-07-2022,,Uncollected Fee/Due since 06/04/22 - Overdrawn Debit,34.00,,701.54,NA,B,Fee,N,,,,
06-07-2022,,Uncollected Fee/Due since 06/04/22 - Courtesy Pay-Dbt,34.00,,735.54,NA,B,Fee,N,,,,
06-07-2022,,Uncollected Fee/Due since 06/04/22 - Courtesy Pay-Dbt,34.00,,769.54,NA,B,Fee,N,,,,
06-07-2022,,Uncollected Fee/Due since 06/03/22 - Courtesy Pay-Dbt,34.00,,803.54,NA,B,Fee,N,,,,
06-07-2022,,Uncollected Fee/Due since 06/03/22 - Courtesy Pay-ACH,34.00,,837.54,NA,B,Fee,N,,,,
06-07-2022,,Uncollected Fee/Due since 06/03/22 - Courtesy Pay-Dbt,34.00,,871.54,NA,B,Fee,N,,,,
06-07-2022,,Uncollected Fee/Due since 06/03/22 - Courtesy Pay-Dbt,34.00,,905.54,NA,B,Fee,N,,,,
06-07-2022,,Uncollected Fee/Due since 06/03/22 - Courtesy Pay-Dbt,34.00,,939.54,NA,B,Fee,N,,,,
06-07-2022,,Uncollected Fee/Due since 06/03/22 - Courtesy Pay-Dbt,34.00,,973.54,NA,B,Fee,N,,,,
06-07-2022,,Uncollected Fee/Due since 06/02/22 - UNPAIDNSF,34.00,,1007.54,NA,B,Fee,N,,,,
06-07-2022,,Uncollected Fee/Due since 06/02/22 - UNPAIDNSF,34.00,,1041.54,NA,B,Fee,N,,,,
06-07-2022,,Uncollected Fee/Due since 06/02/22 - Courtesy Pay-Ck,34.00,,1075.54,NA,B,Fee,N,,,,
06-07-2022,,Uncollected Fee/Due since 06/02/22 - Courtesy Pay-Dbt,34.00,,1109.54,NA,B,Fee,N,,,,
06-07-2022,,Uncollected Fee/Due since 06/02/22 - Courtesy Pay-Dbt,34.00,,1143.54,NA,B,Fee,N,,,,
06-07-2022,,Uncollected Fee/Due since 06/02/22 - Courtesy Pay-Dbt,34.00,,1177.54,NA,B,Fee,N,,,,
06-07-2022,,Uncollected Fee/Due since 06/02/22 - Courtesy Pay-Dbt,34.00,,1211.54,NA,B,Fee,N,,,,
06-07-2022,,Uncollected Fee/Due since 06/02/22 - Courtesy Pay-Dbt,34.00,,1245.54,NA,B,Fee,N,,,,
06-07-2022,,Uncollected Fee/Due since 06/02/22 - Courtesy Pay-Dbt,34.00,,1279.54,NA,B,Fee,N,,,,
06-07-2022,,Uncollected Fee/Due since 06/01/22 - Courtesy Pay-Ck,34.00,,1313.54,NA,B,Fee,N,,,,
06-07-2022,,Uncollected Fee/Due since 06/01/22 - Courtesy Pay-Dbt,34.00,,1347.54,NA,B,Fee,N,,,,
06-07-2022,,Uncollected Fee/Due since 06/01/22 - Courtesy Pay-ACH,34.00,,1381.54,NA,B,Fee,N,,,,
06-07-2022,,Uncollected Fee/Due since 06/01/22 - Courtesy Pay-ACH,34.00,,1415.54,NA,B,Fee,N,,,,
06-06-2022,2562,Check 2562 Tracer 819300000617830,300.00,,1449.54,NA,B,Fee,N,,,,
06-06-2022,,Recurring Withdrawal Bill Payment - #215710737293/BP APPLE COM BILL CUPERTINO CA Card 2272 Merchant Category Code: 4899,2.99,,1749.54,2272,P,Software,N,,,,
06-06-2022,,Withdrawal ACH INTUIT 05489605/TYPE: TRAN FEE ID: 9215986202 CO: INTUIT 05489605,125.57,,1752.53,2272,P,,N,,,,
06-06-2022,,Withdrawal ACH GUSTO/TYPE: BBV 961400 ID: 9138864002 DATA: 3qhk CO: GUSTO,0.11,,1878.10,2272,B,Software,N,,,,
06-06-2022,,Withdrawal ACH GUSTO/TYPE: BBV 961400 ID: 9138864002 DATA: 3qhk CO: GUSTO,0.10,,1878.21,2272,B,Software,N,,,,
06-06-2022,,Deposit ACH INTUIT 40459375/TYPE: DEPOSIT ID: 9215986202 CO: INTUIT 40459375,,3685.91,1878.31,,,,no,,,,
06-06-2022,,Deposit ACH GUSTO/TYPE: BVC 961399 ID: 9138864003 DATA: 6semjmh855n CO: GUSTO,,0.11,-1807.60,,,,no,,,,
06-06-2022,,Deposit ACH GUSTO/TYPE: BVC 961399 ID: 9138864003 DATA: 6semjmh855n CO: GUSTO,,0.10,-1807.71,,,,no,,,,
06-05-2022,,Uncollected Fee of $34.00 is Due,,0.00,0.00,,,,no,,,,
06-05-2022,,Overdrawn Debit,,0.00,-1807.81,,,,no,,,,
06-05-2022,,Withdrawal DEBIT CARD/RANDALLS #2485 AUSTIN TX Date 06/04/22 24231682156837001331381 Card 4969Merchant Category Code: 5411,164.57,,-1807.81,4969,P,Groceries,N,,,,
06-04-2022,,Uncollected Fee of $34.00 is Due,,0.00,0.00,,,,no,,,,
06-04-2022,,Overdrawn Debit,,0.00,-1643.24,,,,no,,,,
06-04-2022,,Withdrawal DEBIT CARD/RANDALLS #3145 LEANDER TX Date 06/03/22 24231682155837001214216 Card 4969Merchant Category Code: 5411,32.61,,-1643.24,4696,P,Groceries,N,,,,
06-04-2022,,Uncollected Fee of $34.00 is Due,,0.00,0.00,,,,no,,,,
06-04-2022,,Courtesy Pay-Dbt,,0.00,-1610.63,,,,no,,,,
06-04-2022,,Withdrawal DEBIT CARD/DD DOORDASH POPEYES 855-973-1040 CA Date 06/04/22 24492152155715391353703 Card 4969Merchant Category Code: 5812,20.05,,-1610.63,4696,P,Food/Entertainment,N,,,,
06-04-2022,,Uncollected Fee of $34.00 is Due,,0.00,0.00,,,,no,,,,
06-04-2022,,Courtesy Pay-Dbt,,0.00,-1590.58,,,,no,,,,
06-04-2022,,Withdrawal DEBIT CARD/DD DOORDASH DOUBLEDAV 855-973-1040 CA Date 06/03/22 24492152154715233864462 Card 0718Merchant Category Code: 5812,41.94,,-1590.58,0718,P,Food/Entertainment,N,,,,
06-03-2022,,Uncollected Fee of $34.00 is Due,,0.00,0.00,,,,no,,,,
06-03-2022,,Courtesy Pay-Dbt,,0.00,-1548.64,,,,no,,,,
06-03-2022,,Withdrawal DEBIT CARD/MOD PIZZA CEDAR PARK 512-548-4087 TX Date 06/03/22 24692162154100468450716 Card 4969Merchant Category Code: 5812,64.62,,-1548.64,4969,P,Food/Entertainment,N,,,,
06-03-2022,2561,Check 2561 Tracer 000000000417215,1350.00,,-1484.02,NA,B,Check,N,,,,
06-03-2022,,Uncollected Fee of $34.00 is Due,,0.00,0.00,,,,no,,,,
06-03-2022,,Courtesy Pay-ACH,,0.00,-134.02,,,,no,,,,
06-03-2022,,Withdrawal ACH BKAMERICA/TYPE: IC PAYMENT ID: 1409936115 CO: BKAMERICA,877.05,,-134.02,,,,N,,,,
06-03-2022,,Withdrawal ACH CAPITAL ONE/TYPE: CRCARDPMT ID: 9541719018 CO: CAPITAL ONE,200.00,,743.03,,,,N,,,,
06-03-2022,,Withdrawal ACH INTUIT 02408575/TYPE: TRAN FEE ID: 9215986202 CO: INTUIT 02408575,58.32,,943.03,,,,N,,,,
06-03-2022,,Withdrawal ACH AMERICAN GEN LIF/TYPE: INS PAYMT ID: 4250598210 CO: AMERICAN GEN LIF,44.54,,1001.35,,,,N,,,,
06-03-2022,,Deposit ACH INTUIT 37199335/TYPE: DEPOSIT ID: 9215986202 CO: INTUIT 37199335,,1993.53,1045.89,,,,no,,,,
06-03-2022,,Uncollected Fee of $34.00 is Due,,0.00,0.00,,,,no,,,,
06-03-2022,,Courtesy Pay-Dbt,,0.00,-947.64,,,,no,,,,
06-03-2022,,Withdrawal DEBIT CARD/DD DOORDASH BUFFALOWI 855-973-1040 CA Date 06/03/22 24492152154715221361372 Card 4969Merchant Category Code: 5812,36.26,,-947.64,4969,P,Food/Entertainment,N,,,,
06-03-2022,,Uncollected Fee of $34.00 is Due,,0.00,0.00,,,,no,,,,
06-03-2022,,Courtesy Pay-Dbt,,0.00,-911.38,,,,no,,,,
06-03-2022,,Withdrawal DEBIT CARD/LOTUS HUNAN AUSTIN TX Date 06/02/22 24801972154091154000784 Card 0718Merchant Category Code: 5814,71.85,,-911.38,0718,P,Food/Entertainment,N,,,,
06-03-2022,,Uncollected Fee of $34.00 is Due,,0.00,0.00,,,,no,,,,
06-03-2022,,Courtesy Pay-Dbt,,0.00,-839.53,,,,no,,,,
06-03-2022,,Withdrawal DEBIT CARD/THE CROMEENS LAW FIRM HOUSTON TX Date 06/02/22 24559302153900013581484 Card 2272Merchant Category Code: 8111,395.00,,-839.53,2272,B,Law,N,,,,
06-03-2022,,Uncollected Fee of $34.00 is Due,,0.00,0.00,,,,no,,,,
06-03-2022,,Courtesy Pay-Dbt,,0.00,-444.53,,,,no,,,,
06-03-2022,,Withdrawal DEBIT CARD/PRO SERVE ENTERPRISE AUSTIN TX Date 06/01/22 24251382153030051872984 Card 2675Merchant Category Code: 2842,147.84,,-444.53,2675,B,Car Maintenance,N,,,,
06-02-2022,,Uncollected Fee of $34.00 is Due,,0.00,0.00,,,,no,,,,
06-02-2022,,"UNPAIDNSF 2561/In the amount $1,350.00.",,0.00,-296.69,,,,no,,,,
06-02-2022,,Uncollected Fee of $34.00 is Due,,0.00,0.00,,,,no,,,,
06-02-2022,,"UNPAIDNSF 2555/In the amount $2,800.00.",,0.00,-296.69,,,,no,,,,
06-02-2022,,Uncollected Fee of $34.00 is Due,,0.00,0.00,,,,no,,,,
06-02-2022,,Courtesy Pay-Ck,,0.00,-296.69,,,,no,,,,
06-02-2022,2552,Check 2552 Tracer 818900000417213,1280.00,,-296.69,NA,B,Check,N,,,,
06-02-2022,2558,Check 2558 Tracer 818900000474993,2400.00,,983.31,NA,B,Check,N,,,,
06-02-2022,,Deposit Reconciled 0000040,,0.00,0.00,,,,no,,,,
06-02-2022,,"Deposit Bulk/Checks 3,031.00 Check Count 4 Deposit Number 0000040",,3031.00,3383.31,,,,no,,,,
06-02-2022,,Withdrawal Courtesy Pay-ACH,34.00,,352.31,NA,B,Fee,N,,,,
06-02-2022,,"Withdrawal ACH MDVIP, INC/TYPE: 8778861411 ID: 0009122507 DATA: 2722103908346 CO: MDVIP, INC NAME: Martha Hernandez",450.00,,386.31,0001,,,N,,,,
06-02-2022,,Withdrawal ACH 18004INTUIT/TYPE: CHECKS / F ID: 0000756346 DATA: 800-446-8848 CO: 18004INTUIT NAME: MARTHA HERNANDEZ,205.65,,836.31,0001,,Insurance,N,,,,
06-02-2022,,Withdrawal ACH INTUIT 82026085/TYPE: TRAN FEE ID: 9215986202 CO: INTUIT 82026085,35.03,,1041.96,0001,,Insurance,N,,,,
06-02-2022,,Deposit ACH INTUIT 18635695/TYPE: DEPOSIT ID: 9215986202 CO: INTUIT 18635695,,1190.75,1076.99,,,,no,,,,
06-02-2022,,Deposit ACH Ternion Growth P/TYPE: SIGONFILE ID: 9000830338 DATA: 805-680-2004 CO: Ternion Growth P,,757.75,-113.76,,,,no,,,,
06-02-2022,,Deposit ACH Ternion Growth P/TYPE: SIGONFILE ID: 9000830338 DATA: 805-680-2004 CO: Ternion Growth P,,476.30,-871.51,,,,no,,,,
06-02-2022,,Deposit ACH Ternion Growth P/TYPE: SIGONFILE ID: 9000830338 DATA: 805-680-2004 CO: Ternion Growth P,,476.30,-1347.81,,,,no,,,,
06-02-2022,,Uncollected Fee of $34.00 is Due,,0.00,0.00,,,,no,,,,
06-02-2022,,Courtesy Pay-Dbt,,0.00,-1824.11,,,,no,,,,
06-02-2022,,Withdrawal DEBIT CARD/H-E-B #265 CEDAR PARK TX Date 06/01/22 24427332152740277615372 Card 4969Merchant Category Code: 5411,100.00,,-1824.11,4969,P,Groceries,N,,,,
06-02-2022,,Uncollected Fee of $34.00 is Due,,0.00,0.00,,,,no,,,,
06-02-2022,,Courtesy Pay-Dbt,,0.00,-1724.11,,,,no,,,,
06-02-2022,,Withdrawal DEBIT CARD/AT&T 10367 H25M CEDAR PARK TX Date 06/01/22 24055232153812925677151 Card 4969Merchant Category Code: 4812,182.77,,-1724.11,4969,P,Phone,N,,,,
06-02-2022,,Uncollected Fee of $34.00 is Due,,0.00,0.00,,,,no,,,,
06-02-2022,,Courtesy Pay-Dbt,,0.00,-1541.34,,,,no,,,,
06-02-2022,,Withdrawal DEBIT CARD/AT&T 10367 H25M CEDAR PARK TX Date 06/01/22 24055232153812925676542 Card 4969Merchant Category Code: 4812,139.83,,-1541.34,4969,P,Phone,N,,,,
06-02-2022,,Uncollected Fee of $34.00 is Due,,0.00,0.00,,,,no,,,,
06-02-2022,,Courtesy Pay-Dbt,,0.00,-1401.51,,,,no,,,,
06-02-2022,,Withdrawal DEBIT CARD/AT&T 10367 H25M CEDAR PARK TX Date 06/01/22 24055232153812925676674 Card 4969Merchant Category Code: 4812,82.50,,-1401.51,4969,P,Phone,N,,,,
06-02-2022,,Uncollected Fee of $34.00 is Due,,0.00,0.00,,,,no,,,,
06-02-2022,,Courtesy Pay-Dbt,,0.00,-1319.01,,,,no,,,,
06-02-2022,,Withdrawal DEBIT CARD/AT&T 10367 H25M CEDAR PARK TX Date 06/01/22 24055232153812925676815 Card 4969Merchant Category Code: 4812,199.83,,-1319.01,4969,P,Phone,N,,,,
06-02-2022,,Uncollected Fee of $34.00 is Due,,0.00,0.00,,,,no,,,,
06-02-2022,,Courtesy Pay-Dbt,,0.00,-1119.18,,,,no,,,,
06-02-2022,,Withdrawal DEBIT CARD/LOC CITIZENS*310299253 401-2825259 CT Date 06/01/22 24638572152016037264355 Card 4969Merchant Category Code: 6012,63.76,,-1119.18,4969,,,N,,,,
06-01-2022,,Uncollected Fee of $34.00 is Due,,0.00,0.00,,,,no,,,,
06-01-2022,,Courtesy Pay-Ck,,0.00,-1055.42,,,,no,,,,
06-01-2022,2549,Check 2549 Tracer 818800000449978,1000.00,,-1055.42,NA,B,Check,N,,,,
06-01-2022,,Uncollected Fee of $34.00 is Due,,0.00,0.00,,,,no,,,,
06-01-2022,,Courtesy Pay-Dbt,,0.00,-55.42,,,,no,,,,
06-01-2022,,Withdrawal POS #215212222279/POS CHEVRON/HANDI PLUS - AU AUSTIN TX Card 2675 Merchant Category Code: 5541,6.70,,-55.42,2675,B,Gas,N,,,,
06-01-2022,,Uncollected Fee of $34.00 is Due,,0.00,0.00,,,,no,,,,
06-01-2022,,Courtesy Pay-ACH,,0.00,-48.72,,,,no,,,,
06-01-2022,,Withdrawal ACH Financial Pacifi/TYPE: LEASE PYMT ID: 9118771358 CO: Financial Pacifi,524.83,,-48.72,2272,B,Supplies,Y,,,,
06-01-2022,,Uncollected Fee of $34.00 is Due,,0.00,0.00,,,,no,,,,
06-01-2022,,Courtesy Pay-ACH,,0.00,476.11,,,,no,,,,
06-01-2022,,Withdrawal ACH NAVIENT/TYPE: NAVI DEBIT ID: 3520974271 DATA: LSC/F ------ CO: NAVIENT,204.90,,476.11,,,,N,,,,
06-01-2022,,Withdrawal POS #215287587000/POS 7-ELEVEN 36630 7844 BURNET RD AUSTIN TX Card 2675Merchant Category Code: 5542,69.07,,681.01,2675,B,Gas,N,,,,
06-01-2022,,Recurring Withdrawal Bill Payment - #215129100229/BP HP *INSTANT INK 855-785-2777 CA Card 0001 Merchant Category Code: 5111,27.05,,750.08,0001,B,Supplies,N,,,,
06-01-2022,,Uncollected Fee/Due since 05/31/22 - Overdrawn ACH,34.00,,777.13,NA,B,Fee,N,,,,
06-01-2022,,Uncollected Fee/Due since 05/31/22 - Overdrawn ACH,34.00,,811.13,NA,B,Fee,N,,,,
06-01-2022,,Uncollected Fee/Due since 05/31/22 - Overdrawn ACH,34.00,,845.13,NA,B,Fee,N,,,,
06-01-2022,,Uncollected Fee/Due since 05/31/22 - Courtesy Pay-ACH,34.00,,879.13,NA,B,Fee,N,,,,
06-01-2022,,Uncollected Fee/Due since 05/28/22 - Courtesy Pay-Dbt,34.00,,913.13,NA,B,Fee,N,,,,
06-01-2022,,Uncollected Fee/Due since 05/28/22 - Overdrawn Debit,34.00,,947.13,NA,B,Fee,N,,,,
06-01-2022,,Uncollected Fee/Due since 05/27/22 - Overdrawn Debit,34.00,,981.13,NA,B,Fee,N,,,,
06-01-2022,,Uncollected Fee/Due since 05/27/22 - Overdrawn ACH,34.00,,1015.13,NA,B,Fee,N,,,,
06-01-2022,,Uncollected Fee/Due since 05/27/22 - Courtesy Pay-ACH,34.00,,1049.13,NA,B,Fee,N,,,,
06-01-2022,,Uncollected Fee/Due since 05/27/22 - Courtesy Pay-Dbt,34.00,,1083.13,NA,B,Fee,N,,,,
06-01-2022,,Uncollected Fee/Due since 05/27/22 - Courtesy Pay-Dbt,34.00,,1117.13,NA,B,Fee,N,,,,
06-01-2022,,Uncollected Fee/Due since 05/26/22 - UNPAIDNSF,34.00,,1151.13,NA,B,Fee,N,,,,
06-01-2022,,Uncollected Fee/Due since 05/26/22 - Courtesy Pay-Dbt,34.00,,1185.13,NA,B,Fee,N,,,,
06-01-2022,,Uncollected Fee/Due since 05/26/22 - Courtesy Pay-Dbt,34.00,,1219.13,NA,B,Fee,N,,,,
06-01-2022,,Uncollected Fee/Due since 05/26/22 - Courtesy Pay-Dbt,34.00,,1253.13,NA,B,Fee,N,,,,
06-01-2022,,Uncollected Fee/Due since 05/25/22 - Courtesy Pay-Ck,34.00,,1287.13,NA,B,Fee,N,,,,
05-31-2022,,Withdrawal TRANSACTION FEES,45.50,,1321.13,NA,B,Fee,N,,,,
05-31-2022,,Withdrawal LOW BALANCE FEE,6.00,,1366.63,NA,B,Fee,N,,,,
05-31-2022,,Withdrawal POS #215118617586/POS MURPHY6745ATWALMART CEDAR PARK TX Card 4969 Merchant Category Code: 5542,86.02,,1372.63,4969,P,Groceries,N,,,,
05-31-2022,,Withdrawal ACH ATT/TYPE: RETRY PYMT ID: 9864031004 CO: ATT,789.34,,1458.65,2272,,Phone,N,,,,
05-31-2022,,Withdrawal ACH ALLY/TYPE: ALLY PAYMT ID: 9833122002 CO: ALLY,509.98,,2247.99,2272,,,N,,,,
05-31-2022,,Withdrawal ACH BCBS HEALTH HPS/TYPE: 8007928595 ID: 1361236610 CO: BCBS HEALTH HPS,498.66,,2757.97,2272,,Insurance,N,,,,
05-31-2022,,Deposit Reconciled 0000032,,0.00,0.00,,,,no,,,,
05-31-2022,,"Deposit Bulk/Checks 5,144.04 Check Count 1 Deposit Number 0000032",,5144.04,3256.63,,,,no,,,,
05-31-2022,,Uncollected Fee of $34.00 is Due,,0.00,0.00,,,,no,,,,
05-31-2022,,Overdrawn ACH/ATT,,0.00,-1887.41,,,,no,,,,
05-31-2022,,Uncollected Fee of $34.00 is Due,,0.00,0.00,,,,no,,,,
05-31-2022,,Overdrawn ACH/ALLY,,0.00,-1887.41,,,,no,,,,
05-31-2022,,Uncollected Fee of $34.00 is Due,,0.00,0.00,,,,no,,,,
05-31-2022,,Overdrawn ACH/BCBS HEALTH HPS,,0.00,-1887.41,,,,no,,,,
05-31-2022,,Uncollected Fee of $34.00 is Due,,0.00,0.00,,,,no,,,,
05-31-2022,,Courtesy Pay-ACH,,0.00,-1887.41,,,,no,,,,
05-31-2022,,Withdrawal ACH ATMOS ENERGY RCR/TYPE: UTIL PYMT ID: 9000000091 CO: ATMOS ENERGY RCR NAME: MARTHA HERNANDEZ,30.11,,-1887.41,0001,P,Utilities,N,,,,
05-28-2022,,Uncollected Fee of $34.00 is Due,,0.00,0.00,,,,no,,,,
05-28-2022,,Courtesy Pay-Dbt,,0.00,-1857.30,,,,no,,,,
05-28-2022,,Recurring Withdrawal Bill Payment - #214816901661/BP APPLE COM BILL CUPERTINO CA Card 2272 Merchant Category Code: 4899,14.06,,-1857.30,2272,P,Software,N,,,,
05-28-2022,,Deposit Reconciled 0000020,,0.00,0.00,,,,no,,,,
05-28-2022,,Deposit Bulk/Checks 378.88 Check Count 1 Deposit Number 0000020,,378.88,-1843.24,,,,no,,,,
05-28-2022,,Uncollected Fee of $34.00 is Due,,0.00,0.00,,,,no,,,,
05-28-2022,,Overdrawn Debit,,0.00,-2222.12,,,,no,,,,
05-28-2022,,Withdrawal Bill Payment #214827026832/BP FORTIVA 855-802-5572 GA Card 4969 Merchant Category Code: 6051,43.85,,-2222.12,4969,B,Loan,N,,,,
05-27-2022,,Uncollected Fee of $34.00 is Due,,0.00,0.00,,,,no,,,,
05-27-2022,,Overdrawn Debit,,0.00,-2178.27,,,,no,,,,
05-27-2022,,Withdrawal DEBIT CARD/DD DOORDASH WINGSTOP 855-973-1040 CA Date 05/27/22 24492152147719359624171 Card 4969Merchant Category Code: 5812,46.29,,-2178.27,4969,P,Food/Entertainment,N,,,,
05-27-2022,,Uncollected Fee of $34.00 is Due,,0.00,0.00,,,,no,,,,
05-27-2022,,Overdrawn ACH/ATT,,0.00,-2131.98,,,,no,,,,
05-27-2022,,Uncollected Fee of $34.00 is Due,,0.00,0.00,,,,no,,,,
05-27-2022,,Courtesy Pay-ACH,,0.00,-2131.98,,,,no,,,,
05-27-2022,,Withdrawal ACH ADP PAYROLL FEES/TYPE: ADP - FEES ID: 9659605001 DATA: OT CO: ADP PAYROLL FEES,149.79,,-2131.98,2272,B,Software,N,,,,
05-27-2022,,Deposit ACH Texas Windstrom/TYPE: PAYABLES ID: 2746189303 DATA: DYNAMICS EFT DEPOSIT CO: Texas Windstrom,,70.00,-1982.19,,,,no,,,,
05-27-2022,,Uncollected Fee of $34.00 is Due,,0.00,0.00,,,,no,,,,
05-27-2022,,Courtesy Pay-Dbt,,0.00,-2052.19,,,,no,,,,
05-27-2022,,Withdrawal DEBIT CARD/CCS FARMERS INSURANCE GRP 800-9985000 TX Date 05/26/22 24447722146900018108270 Card 2272Merchant Category Code: 8931,94.80,,-2052.19,2272,,Insurance,N,,,,
05-27-2022,,Uncollected Fee of $34.00 is Due,,0.00,0.00,,,,no,,,,
05-27-2022,,Courtesy Pay-Dbt,,0.00,-1957.39,,,,no,,,,
05-27-2022,,Withdrawal DEBIT CARD/JIFFY LUBE 2476 AUSTIN TX Date 05/26/22 24231682146837000455572 Card 2675Merchant Category Code: 7538,89.14,,-1957.39,2675,B,Car Maintenance,N,,,,
05-26-2022,,Uncollected Fee of $34.00 is Due,,0.00,0.00,,,,no,,,,
05-26-2022,,UNPAIDNSF 2547/In the amount $500.00.,,0.00,-1868.25,,,,no,,,,
05-26-2022,,Uncollected Fee of $34.00 is Due,,0.00,0.00,,,,no,,,,
05-26-2022,,Courtesy Pay-Dbt,,0.00,-1868.25,,,,no,,,,
05-26-2022,,Withdrawal DEBIT CARD/DD DOORDASH MR.GATTIS 855-973-1040 CA Date 05/26/22 24492152146713225445649 Card 0718Merchant Category Code: 5812,42.95,,-1868.25,0718,P,Food/Entertainment,N,,,,
05-26-2022,,Uncollected Fee of $34.00 is Due,,0.00,0.00,,,,no,,,,
05-26-2022,,Courtesy Pay-Dbt,,0.00,-1825.30,,,,no,,,,
05-26-2022,,Withdrawal DEBIT CARD/QT 4143 CEDAR PARK TX Date 05/25/22 24692162146100852647472 Card 4969Merchant Category Code: 5541,25.30,,-1825.30,4969,B,Gas,N,,,,
05-26-2022,,Uncollected Fee of $34.00 is Due,,0.00,0.00,,,,no,,,,
05-26-2022,,Courtesy Pay-Dbt,,0.00,-1800.00,,,,no,,,,
05-26-2022,,Withdrawal POS #214684945001/POS NST THE HOME DEPOT 002992 1200 HOME DEPOT BLVD SUNSET VALLEY TX Card 2675Merchant Category Code: 5200,9.68,,-1800.00,2675,B,Supplies,N,,,,
05-25-2022,,Uncollected Fee of $34.00 is Due,,0.00,0.00,,,,no,,,,
05-25-2022,,Courtesy Pay-Ck,,0.00,-1790.32,,,,no,,,,
05-25-2022,2548,Check 2548 Tracer 818100000306912,2842.13,,-1790.32,NA,B,Check,N,,,,
05-25-2022,2546,Check 2546 Tracer 818100000307070,240.00,,1051.81,NA,B,Check,N,,,,
05-25-2022,,Withdrawal DEBIT CARD/SQ *LONGHORN TRAILERS & E Austin TX Date 05/25/22 24692162145100068379705 Card 2675Merchant Category Code: 7513,45.00,,1291.81,2675,B,Supplies,N,,,,
05-25-2022,,Withdrawal DEBIT CARD/TEXAS ROADHOUSE #2322 HOLLYWOOD PAR TX Date 05/25/22 24231682145837000755196 Card 0718Merchant Category Code: 5812,63.30,,1336.81,0718,P,Food/Entertainment,N,,,,
05-25-2022,,Withdrawal POS #214514395536/POS SHELL SERVICE STATION AUSTIN TX Card 0001 Merchant Category Code: 5541,55.61,,1400.11,0001,B,Gas,N,,,,
05-25-2022,,Withdrawal at ATM #214516051300/ATM M212113 1801 EAST WHITESTONE BL PARK TX Card 4969Merchant Category Code: 6011,100.00,,1455.72,4969,,Withdrawal,N,,,,
05-25-2022,,Withdrawal POS #214510819695/POS BUC-EE'S #22 2760 IH 35 N NEW BRAUNFELS TX Card 0718Merchant Category Code: 5542,29.14,,1555.72,0718,P,Food/Entertainment,N,,,,
05-25-2022,,Withdrawal DEBIT CARD/VIVINT INC/US 800-216-5232 UT Date 05/25/22 24430992145083739976538 Card 4969Merchant Category Code: 7393,61.13,,1584.86,4969,P,Software,N,,,,
05-25-2022,,Withdrawal DEBIT CARD/JIMMY JOHNS - 1810 CEDAR PARK TX Date 05/24/22 24269792145000974551339 Card 4969Merchant Category Code: 5814,9.39,,1645.99,4969,P,Food/Entertainment,N,,,,
05-25-2022,,Withdrawal DEBIT CARD/DISCOUNT TIRE TXA 21 LEANDER TX Date 05/24/22 24445002145000728618674 Card 4969Merchant Category Code: 5532,99.14,,1655.38,4969,B,Car Maintenance,N,,,,
05-24-2022,,Withdrawal POS #214500755217/POS WALGREENS STORE 905 CRYST LEANDER TX Card 4969 Merchant Category Code: 5912,8.10,,1754.52,4969,P,Groceries,N,,,,
05-24-2022,2522,Check 2522 Tracer 818000000505550,850.00,,1762.62,NA,B,Check,N,,,,
05-24-2022,,Withdrawal POS #214418229848/POS COSTCO WHSE #0693 SAN ANTONIO TX Card 0718 Merchant Category Code: 5300,57.77,,2612.62,0718,P,Groceries,N,,,,
05-24-2022,,Withdrawal POS #214400082003/POS TARGET T-2342 1101 C-Bar Ranch Trl Cedar Park TX Card 0001Merchant Category Code: 5411,271.93,,2670.39,0001,P,Groceries,N,,,,
05-24-2022,,Withdrawal DEBIT CARD/SQ *SANA VIDA WELLNESS CE gosq.com TX Date 05/24/22 24692162144100290017223 Card 4969Merchant Category Code: 8011,149.00,,2942.32,4969,,,N,,,,
05-24-2022,,Withdrawal POS #214416143841/POS H-E-B #265 CEDAR PARK TX Card 4969 Merchant Category Code: 5411,143.33,,3091.32,4969,P,Groceries,N,,,,
05-24-2022,,Withdrawal DEBIT CARD/VIVINT INC/US 800-216-5232 UT Date 05/24/22 24430992144083756494499 Card 4969Merchant Category Code: 7393,39.48,,3234.65,4969,P,Software,N,,,,
05-24-2022,,Withdrawal POS #214475222601/POS NST THE HOME DEPOT 000721 1200 HOME DEPOT BLVD SUNSET VALLEY TX Card 2675Merchant Category Code: 5200,269.54,,3274.13,2675,B,Supplies,N,,,,
05-24-2022,,Withdrawal POS #214411135565/POS H-E-B GAS/CARWASH #265 CEDAR PARK TX Card 4969 Merchant Category Code: 5542,66.40,,3543.67,4969,B,Gas,N,,,,
05-24-2022,,Withdrawal ACH AMEX EPAYMENT/TYPE: ACH PMT ID: 0005000008 DATA: ER AM CO: AMEX EPAYMENT,2133.97,,3610.07,0001,,,N,,,,
05-24-2022,,Withdrawal ACH AMEX EPAYMENT/TYPE: ACH PMT ID: 0005000008 DATA: ER AM CO: AMEX EPAYMENT,2000.00,,5744.04,0001,,,N,,,,
05-24-2022,,Withdrawal ACH AMEX EPAYMENT/TYPE: ACH PMT ID: 0005000008 DATA: ER AM CO: AMEX EPAYMENT,1700.00,,7744.04,0001,,,N,,,,
05-24-2022,,Withdrawal ACH DISCOVER BANK/TYPE: PREARRANGE ID: 6510020271 DATA: DC FINOUT DPLSVCPAY CO: DISCOVER BANK,656.20,,9444.04,0001,,,N,,,,
05-24-2022,,Withdrawal POS #214414139600/POS 7-ELEVEN 36630 7844 BURNET RD AUSTIN TX Card 2675Merchant Category Code: 5542,68.32,,10100.24,2675,B,Gas,N,,,,
05-24-2022,,Withdrawal DEBIT CARD/H-E-B #265 CEDAR PARK TX Date 05/23/22 24427332143740274303057 Card 4969Merchant Category Code: 5411,175.56,,10168.56,4969,P,Groceries,N,,,,
05-24-2022,,Withdrawal DEBIT CARD/CITY OF CEDAR PARK 512-4015000 TX Date 05/23/22 24755422143641433960202 Card 0001Merchant Category Code: 4900,141.05,,10344.12,0001,P,Utilities,N,,,,
05-24-2022,,Withdrawal DEBIT CARD/EL RINCONCITO SALVADORENO AUSTIN TX Date 05/22/22 24036282143017012651364 Card 2272Merchant Category Code: 5814,63.58,,10485.17,2272,P,Food/Entertainment,N,,,,
05-23-2022,2545,Check 2545 Tracer 817900000413739,1442.50,,10548.75,NA,B,Check,N,,,,
05-23-2022,2543,Check 2543 Tracer 817900000413740,3000.00,,11991.25,NA,B,Check,N,,,,
05-23-2022,2540,Check 2540 Tracer 817900000415188,1100.00,,14991.25,NA,B,Check,N,,,,
05-23-2022,,Withdrawal POS #214352788200/POS FUEL MAXX # 17 52450 HWY 290 TX Card 2272Merchant Category Code: 5541,3.98,,16091.25,2272,B,Gas,N,,,,
05-23-2022,,Withdrawal Cash,500.00,,16095.23,NA,B,Withdrawal,N,,,,
05-23-2022,,Withdrawal POS #214300441195/POS 7-ELEVEN 6111 Bee Cave Rd US Austin Card 0718 Merchant Category Code: 5542,80.66,,16595.23,0718,B,Gas,N,,,,
05-23-2022,,Withdrawal DEBIT CARD/RAISING CANE'S #115 CEDAR PARK TX Date 05/22/22 24231682143698164095981 Card 4969Merchant Category Code: 5814,10.91,,16675.89,4969,P,Food/Entertainment,N,,,,
05-23-2022,,Deposit Reconciled 0000082,,0.00,0.00,,,,no,,,,
05-23-2022,,"Deposit Bulk/Checks 3,680.50 Check Count 1 Deposit Number 0000082",,3680.50,16686.80,,,,no,,,,
05-23-2022,,Withdrawal POS #000000DGIQPT/POS AMAZON.COM*1R9133EX2 SEATTLE WA Card 4969 Merchant Category Code: 4816,128.81,,13006.30,4969,B,Supplies,N,,,,
05-23-2022,,Withdrawal DEBIT CARD/SHORT STOP #7 CEDAR PARK TX Date 05/22/22 24137462143100235709213 Card 4969Merchant Category Code: 5814,25.03,,13135.11,4969,P,Food/Entertainment,N,,,,
05-23-2022,,Withdrawal Bill Payment #214320100187/BP CULLIGAN/ULTRAPURE WAT 507-200-0820 Card 2272 Merchant Category Code: 4900,97.32,,13160.14,2272,,,N,,,,
05-23-2022,,Deposit Reconciled 0000041,,0.00,0.00,,,,no,,,,
05-23-2022,,"Deposit Bulk/Checks 2,392.70 Check Count 2 Deposit Number 0000041",,2392.70,13257.46,,,,no,,,,
05-23-2022,,Withdrawal POS #214306419000/POS 7-ELEVEN 36589 10207 LAKE CREEK AUSTIN TX Card 2675Merchant Category Code: 5542,125.00,,10864.76,2675,B,Gas,N,,,,
05-23-2022,,Withdrawal POS #214309289438/POS RANDALLS #3145 LEANDER TX Card 4969 Merchant Category Code: 5411,116.70,,10989.76,4969,P ,Groceries,N,,,,
05-23-2022,,Withdrawal DEBIT CARD/H-E-B #465 AUSTIN TX Date 05/22/22 24427332142740271581615 Card 2272Merchant Category Code: 5411,41.85,,11106.46,2272,P,Groceries,N,,,,
05-22-2022,,Withdrawal DEBIT CARD/DOORDASH*EINSTEIN BROS WWW.DOORDASH. CA Date 05/22/22 24011342142000048794392 Card 4969Merchant Category Code: 5812,31.13,,11148.31,4969,P,Food/Entertainment,N,,,,
05-22-2022,,Withdrawal DEBIT CARD/SHELL OIL 57541467106 AUSTIN TX Date 05/21/22 24316052142548174823895 Card 2272Merchant Category Code: 5542,63.49,,11179.44,2272,B,Gas,N,,,,
05-22-2022,,Withdrawal DEBIT CARD/TST* ESTANCIA BRAZILIAN S AUSTIN TX Date 05/22/22 24137462142500686146222 Card 2272Merchant Category Code: 5812,791.77,,11242.93,2272,B,Food/Entertainment,N,,,,
05-22-2022,,Uncollected Fee/Due since 05/21/22 - Courtesy Pay-Dbt,34.00,,12034.70,NA,B,Fee,N,,,,
05-22-2022,,Uncollected Fee/Due since 05/21/22 - Courtesy Pay-Dbt,34.00,,12068.70,NA,B,Fee,N,,,,
05-22-2022,,Uncollected Fee/Due since 05/21/22 - Courtesy Pay-Dbt,34.00,,12102.70,NA,B,Fee,N,,,,
05-22-2022,,Uncollected Fee/Due since 05/20/22 - Courtesy Pay-Dbt,34.00,,12136.70,NA,B,Fee,N,,,,
05-22-2022,,Uncollected Fee/Due since 05/20/22 - Courtesy Pay-Dbt,34.00,,12170.70,NA,B,Fee,N,,,,
05-22-2022,,Uncollected Fee/Due since 05/20/22 - Courtesy Pay-Dbt,34.00,,12204.70,NA,B,Fee,N,,,,
05-22-2022,,Uncollected Fee/Due since 05/20/22 - Courtesy Pay-Dbt,34.00,,12238.70,NA,B,Fee,N,,,,
05-22-2022,,Uncollected Fee/Due since 05/20/22 - Courtesy Pay-Dbt,34.00,,12272.70,NA,B,Fee,N,,,,
05-22-2022,,Uncollected Fee/Due since 05/20/22 - Courtesy Pay-Dbt,34.00,,12306.70,NA,B,Fee,N,,,,
05-22-2022,,Uncollected Fee/Due since 05/20/22 - Courtesy Pay-Dbt,34.00,,12340.70,NA,B,Fee,N,,,,
05-22-2022,,Uncollected Fee/Due since 05/20/22 - Courtesy Pay-Dbt,34.00,,12374.70,NA,B,Fee,N,,,,
05-22-2022,,Uncollected Fee/Due since 05/20/22 - Courtesy Pay-Dbt,34.00,,12408.70,NA,B,Fee,N,,,,
05-22-2022,,Uncollected Fee/Due since 05/20/22 - Courtesy Pay-Dbt,34.00,,12442.70,NA,B,Fee,N,,,,
05-22-2022,,Uncollected Fee/Due since 05/20/22 - Courtesy Pay-Dbt,34.00,,12476.70,NA,B,Fee,N,,,,
05-22-2022,,Uncollected Fee/Due since 05/20/22 - Courtesy Pay-Dbt,34.00,,12510.70,NA,B,Fee,N,,,,
05-22-2022,,Uncollected Fee/Due since 05/20/22 - Courtesy Pay-Dbt,34.00,,12544.70,NA,B,Fee,N,,,,
05-22-2022,,Uncollected Fee/Due since 05/20/22 - Courtesy Pay-Dbt,34.00,,12578.70,NA,B,Fee,N,,,,
05-22-2022,,Uncollected Fee/Due since 05/20/22 - Courtesy Pay-Dbt,34.00,,12612.70,NA,B,Fee,N,,,,
05-22-2022,,Uncollected Fee/Due since 05/20/22 - Courtesy Pay-Dbt,34.00,,12646.70,NA,B,Fee,N,,,,
05-22-2022,,Uncollected Fee/Due since 05/19/22 - Courtesy Pay-Ck,34.00,,12680.70,NA,B,Fee,N,,,,
05-21-2022,,Withdrawal ATM Fee/ATM ALI00736 1405 W WHITESTONE BLVD PARK TX Card 2272Merchant Category Code: 6011,1.00,,12714.70,2272,B,Fee,N,,,,
05-21-2022,,Withdrawal at ATM #214123953533/ATM ALI00736 1405 W WHITESTONE BLVD PARK TX Card 2272Merchant Category Code: 6011,42.00,,12715.70,2272,B,Withdrawal,N,,,,
05-21-2022,,Withdrawal POS #214119273309/POS SHELL SERVICE STATION CEDAR PARK TX Card 2272 Merchant Category Code: 5541,41.10,,12757.70,2272,B,Gas,N,,,,
05-21-2022,,Withdrawal POS #214112958925/POS RANDALLS #3145 LEANDER TX Card 4969 Merchant Category Code: 5411,126.07,,12798.80,4969,P,Groceries,N,,,,
05-21-2022,,Deposit Reconciled 0000005,,0.00,0.00,,,,no,,,,
05-21-2022,,Withdrawal POS #214110646434/POS SHELL SERVICE STATION CEDAR PARK TX Card 2272 Merchant Category Code: 5542,31.78,,12924.87,2272,B,Gas,N,,,,
05-21-2022,,"Withdrawal by Check/Check 05 496415 Disbursed 1,000.00",1003.00,,12956.65,NA,B,Check,N,,,,
05-21-2022,,Withdrawal Cash,1000.00,,13959.65,NA,B,Withdrawal,N,,,,
05-21-2022,,"Deposit Bulk/Checks 16,020.03 Check Count 1 Deposit Number 0000005",,16020.03,14959.65,,,,no,,,,
05-21-2022,,Uncollected Fee of $34.00 is Due,,0.00,0.00,,,,no,,,,
05-21-2022,,Courtesy Pay-Dbt,,0.00,-1060.38,,,,no,,,,
05-21-2022,,Withdrawal DEBIT CARD/DOORDASH*BLAZE PIZZA WWW.DOORDASH. CA Date 05/21/22 24011342141000036061300 Card 4969Merchant Category Code: 5812,52.30,,-1060.38,4969,P,Food/Entertainment,N,,,,
05-21-2022,,Uncollected Fee of $34.00 is Due,,0.00,0.00,,,,no,,,,
05-21-2022,,Courtesy Pay-Dbt,,0.00,-1008.08,,,,no,,,,
05-21-2022,,Withdrawal POS #214158027245/POS NNT MI TIENDITA 002002 1725 OHLEN AUSTIN TX Card 2272Merchant Category Code: 5499,2.70,,-1008.08,2272,B,Withdrawal,N,,,,
05-21-2022,,Uncollected Fee of $34.00 is Due,,0.00,0.00,,,,no,,,,
05-21-2022,,Courtesy Pay-Dbt,,0.00,-1005.38,,,,no,,,,
05-21-2022,,Withdrawal DEBIT CARD/PRO SERVE ENTERPRISE 512-326-2811 TX Date 05/19/22 24251382140017025263446 Card 2272Merchant Category Code: 2842,86.69,,-1005.38,2272,B,Car Maintenance,N,,,,
05-20-2022,,Uncollected Fee of $34.00 is Due,,0.00,0.00,,,,no,,,,
05-20-2022,,Courtesy Pay-Dbt,,0.00,-918.69,,,,no,,,,
05-20-2022,,Withdrawal DEBIT CARD/DD DOORDASH WINGSTOP 855-973-1040 CA Date 05/20/22 24492152140745554817804 Card 4969Merchant Category Code: 5812,36.88,,-918.69,4969,P,Food/Entertainment,N,,,,
05-20-2022,,Uncollected Fee of $34.00 is Due,,0.00,0.00,,,,no,,,,
05-20-2022,,Courtesy Pay-Dbt,,0.00,-881.81,,,,no,,,,
05-20-2022,,Withdrawal DEBIT CARD/AMZN Mktp US*1X1MQ0OL1 Amzn.com/bill WA Date 05/20/22 24692162140100985975184 Card 4969Merchant Category Code: 5942,159.60,,-881.81,4969,P,Food/Entertainment,N,,,,
05-20-2022,,Uncollected Fee of $34.00 is Due,,0.00,0.00,,,,no,,,,
05-20-2022,,Courtesy Pay-Dbt,,0.00,-722.21,,,,no,,,,
05-20-2022,,Withdrawal DEBIT CARD/RANDALLS #3145 LEANDER TX Date 05/19/22 24231682140837001257452 Card 4969Merchant Category Code: 5411,122.27,,-722.21,4969,P,Groceries,N,,,,
05-20-2022,,Deposit ACH Texas Windstrom/TYPE: PAYABLES ID: 2746189303 DATA: DYNAMICS EFT DEPOSIT CO: Texas Windstrom,,342.68,-599.94,,,,no,,,,
05-20-2022,,Uncollected Fee of $34.00 is Due,,0.00,0.00,,,,no,,,,
05-20-2022,,Courtesy Pay-Dbt,,0.00,-942.62,,,,no,,,,
05-20-2022,,Withdrawal POS #214012755157/POS H-E-B GAS/CARWASH #265 CEDAR PARK TX Card 4969 Merchant Category Code: 5542,81.71,,-942.62,4969,B,Gas,N,,,,
05-20-2022,,Uncollected Fee of $34.00 is Due,,0.00,0.00,,,,no,,,,
05-20-2022,,Courtesy Pay-Dbt,,0.00,-860.91,,,,no,,,,
05-20-2022,,Withdrawal DEBIT CARD/HOPDODDY CEDAR PARK CR 512-852-9406 TX Date 05/20/22 24692162140100833821358 Card 4969Merchant Category Code: 5812,34.91,,-860.91,4969,P,Food/Entertainment,N,,,,
05-20-2022,,Uncollected Fee of $34.00 is Due,,0.00,0.00,,,,no,,,,
05-20-2022,,Courtesy Pay-Dbt,,0.00,-826.00,,,,no,,,,
05-20-2022,,Withdrawal POS #214013647516/POS WALGREENS STORE 1505 W WH CEDAR PARK TX Card 2272Merchant Category Code: 5912,19.99,,-826.00,2272,P,Groceries,N,,,,
05-20-2022,,Uncollected Fee of $34.00 is Due,,0.00,0.00,,,,no,,,,
05-20-2022,,Courtesy Pay-Dbt,,0.00,-806.01,,,,no,,,,
05-20-2022,,Withdrawal DEBIT CARD/LAKELINE XPRESS MART CEDAR PARK TX Date 05/19/22 24137462140001247050138 Card 2272Merchant Category Code: 5541,12.97,,-806.01,2272,P,Groceries,N,,,,
05-20-2022,,Uncollected Fee of $34.00 is Due,,0.00,0.00,,,,no,,,,
05-20-2022,,Courtesy Pay-Dbt,,0.00,-793.04,,,,no,,,,
05-20-2022,,Withdrawal DEBIT CARD/H-E-B #265 CEDAR PARK TX Date 05/19/22 24427332139740282205191 Card 4969Merchant Category Code: 5411,16.71,,-793.04,4969,P,Groceries,N,,,,
05-20-2022,,Uncollected Fee of $34.00 is Due,,0.00,0.00,,,,no,,,,
05-20-2022,,Courtesy Pay-Dbt,,0.00,-776.33,,,,no,,,,
05-20-2022,,Withdrawal DEBIT CARD/H-E-B #265 CEDAR PARK TX Date 05/19/22 24427332139740282204632 Card 4969Merchant Category Code: 5411,48.51,,-776.33,4969,P,Groceries,N,,,,
05-20-2022,,Uncollected Fee of $34.00 is Due,,0.00,0.00,,,,no,,,,
05-20-2022,,Courtesy Pay-Dbt,,0.00,-727.82,,,,no,,,,
05-20-2022,,Withdrawal DEBIT CARD/TST* C.R. SURF AND TURF CEDAR PARK TX Date 05/19/22 24137462139300647176375 Card 2272Merchant Category Code: 5812,76.25,,-727.82,2272,P,Food/Entertainment,N,,,,
05-20-2022,,Uncollected Fee of $34.00 is Due,,0.00,0.00,,,,no,,,,
05-20-2022,,Courtesy Pay-Dbt,,0.00,-651.57,,,,no,,,,
05-20-2022,,Withdrawal DEBIT CARD/KERBEY LANE CAFE-WL olo.com TX Date 05/18/22 24733092139091814000158 Card 0718Merchant Category Code: 5812,53.25,,-651.57,0718,P,Food/Entertainment,N,,,,
05-20-2022,,Uncollected Fee of $34.00 is Due,,0.00,0.00,,,,no,,,,
05-20-2022,,Courtesy Pay-Dbt,,0.00,-598.32,,,,no,,,,
05-20-2022,,Withdrawal DEBIT CARD/THE CROMEENS LAW FIRM HOUSTON TX Date 05/19/22 24559302139900012980249 Card 2272Merchant Category Code: 8111,535.00,,-598.32,2272,B,Law,N,,,,
05-20-2022,,Uncollected Fee of $34.00 is Due,,0.00,0.00,,,,no,,,,
05-20-2022,,Courtesy Pay-Dbt,,0.00,-63.32,,,,no,,,,
05-20-2022,,Withdrawal DEBIT CARD/AMZN Mktp US*1L3IG3S00 Amzn.com/bill WA Date 05/19/22 24692162139100428561461 Card 4969Merchant Category Code: 5942,309.67,,-63.32,4969,P,Food/Entertainment,N,,,,
05-20-2022,,Uncollected Fee of $34.00 is Due,,0.00,0.00,,,,no,,,,
05-20-2022,,Courtesy Pay-Dbt,,0.00,246.35,,,,no,,,,
05-20-2022,,Withdrawal DEBIT CARD/PAYPAL *HITECHPOWER HITEC 402-935-7733 Date 05/19/22 24492152139852983405426 Card 2272Merchant Category Code: 4816,180.62,,246.35,2272,B,Pressure Wash,N,,,,
05-20-2022,,Uncollected Fee of $34.00 is Due,,0.00,0.00,,,,no,,,,
05-20-2022,,Courtesy Pay-Dbt,,0.00,426.97,,,,no,,,,
05-20-2022,,Withdrawal DEBIT CARD/PAYPAL *HITECHPOWER HITEC 402-935-7733 Date 05/19/22 24492152139852983332752 Card 2272Merchant Category Code: 4816,90.31,,426.97,2272,B,Pressure Wash,N,,,,
05-20-2022,,Uncollected Fee of $34.00 is Due,,0.00,0.00,,,,no,,,,
05-20-2022,,Courtesy Pay-Dbt,,0.00,517.28,,,,no,,,,
05-20-2022,,Withdrawal DEBIT CARD/PAYPAL *HITECHPOWER HITEC 402-935-7733 Date 05/19/22 24492152139852983510183 Card 2272Merchant Category Code: 4816,212.50,,517.28,2272,B,Pressure Wash,N,,,,
05-19-2022,,Uncollected Fee of $34.00 is Due,,0.00,0.00,,,,no,,,,
05-19-2022,,Courtesy Pay-Ck,,0.00,729.78,,,,no,,,,
05-19-2022,2542,Check 2542 Tracer 817500000255635,1200.00,,729.78,NA,B,Check,N,,,,
05-19-2022,2536,Check 2536 Tracer 817500000256008,1350.00,,1929.78,NA,B,Check,N,,,,
05-19-2022,,Deposit Transfer From Loan 00,,102.44,3279.78,,,,no,,,,
05-19-2022,2531,Check 2531 Tracer 817500000256203,2400.00,,3177.34,NA,B,Check,N,,,,
05-19-2022,,Withdrawal POS #213921709850/POS WALGREENS STORE 905 CRYST LEANDER TX Card 4969 Merchant Category Code: 5912,107.12,,5577.34,4969,P,Groceries,N,,,,
05-19-2022,2538,Check 2538 Tracer 817500000192097,3750.00,,5684.46,NA,B,Check,N,,,,
05-19-2022,,Withdrawal POS #213900393993/POS 7-ELEVEN 6111 Bee Cave Rd US Austin Card 2675 Merchant Category Code: 5542,65.68,,9434.46,2675,B,Gas,N,,,,
05-19-2022,,Withdrawal ACH *LINCOLN NATLIFE/TYPE: PREMPAYMNT ID: 3504728231 DATA: 0018400TER CO: *LINCOLN NATLIFE,316.91,,9500.14,,,,N,,,,
05-19-2022,,Withdrawal ACH CAPITAL ONE/TYPE: CRCARDPMT ID: 9541719318 CO: CAPITAL ONE,200.00,,9817.05,,,,N,,,,
05-19-2022,,Withdrawal ACH ATT/TYPE: Payment ID: 9864031004 CO: ATT,80.42,,10017.05,,,Phone,N,,,,
05-19-2022,,Withdrawal ACH ALLSTATE INS CO/TYPE: INS PREM ID: 1360719665 DATA: ACH.EZPR02010 Q CO: ALLSTATE INS NAME: HERNANDEZ,59.53,,10097.47,,,,N,,,,
05-19-2022,,Withdrawal DEBIT CARD/SALTGRASS AUSTIN AUSTIN TX Date 05/18/22 24943002139207688500090 Card 2272Merchant Category Code: 5812,127.12,,10157.00,2272,P,Food/Entertainment,N,,,,
05-19-2022,,Withdrawal DEBIT CARD/ATMOS ENERGY 888-286-6700 TX Date 05/18/22 24692162138100598589228 Card 4969Merchant Category Code: 4900,149.73,,10284.12,4969,P,Utilities,N,,,,
05-19-2022,,Withdrawal POS #6I6ANUOLI2L0/POS AMAZON.COM*1L5MO9SD2 SEATTLE WA Card 4969 Merchant Category Code: 4816,25.93,,10433.85,4969,B,Supplies,N,,,,
05-18-2022,,Withdrawal POS #213816786574/POS NNT LAKE LINE FOOD 002355 1075 N LINE BLVD 1 CEDAR PARK TX Card 2272Merchant Category Code: 5999,19.47,,10459.78,2272,P,Food/Entertainment,N,,,,
05-18-2022,,Withdrawal DEBIT CARD/EL POLLO RICO 9 CEDAR PARK TX Date 05/17/22 24013392138001921182829 Card 4969Merchant Category Code: 5812,47.50,,10479.25,4969,P,Food/Entertainment,N,,,,
05-18-2022,,Withdrawal POS #213816386788/POS LOWE'S #2774 LEANDER TX Card 2675 Merchant Category Code: 5200,48.63,,10526.75,2675,P,Supplies,N,,,,
05-18-2022,,Withdrawal POS #213894068300/POS SUNOCO 0856051800 2501 SOUTH WATER BURNET TX Card 2272Merchant Category Code: 5541,23.74,,10575.38,2272,,,N,,,,
05-18-2022,,Withdrawal Transfer To Loan 00,200.00,,10599.12,0001,,,N,,,,
05-18-2022,,Deposit Reconciled 0000025,,0.00,0.00,,,,no,,,,
05-18-2022,,Deposit Bulk/Checks 299.77 Check Count 1 Deposit Number 0000025,,299.77,10799.12,,,,no,,,,
05-18-2022,,Withdrawal DEBIT CARD/CITY OF SAN ANTONIO 210-207-1111 TX Date 05/18/22 24692162138100145523787 Card 4969Merchant Category Code: 9399,161.90,,10499.35,4969,P,Utilities,N,,,,
05-18-2022,,Withdrawal ACH ALLSTATE INS CO/TYPE: INS PREM ID: 1360719665 DATA: ACH.EZPR02010 S CO: ALLSTATE INS CO,352.23,,10661.25,,,,N,,,,
05-18-2022,,Withdrawal ACH ALLSTATE INS CO/TYPE: INS PREM ID: 1360719665 DATA: ACH.EZPR02010 S CO: ALLSTATE INS CO,49.23,,11013.48,,,,N,,,,
05-18-2022,,Withdrawal ACH HOME DEPOT/TYPE: AUTO PYMT ID: CITIAUTFDR CO: HOME DEPOT,29.00,,11062.71,,,,N,,,,
05-17-2022,,Withdrawal DEBIT CARD/TEXACO 0359729 CEDAR PARK TX Date 05/17/22 24692162137100639889117 Card 2272Merchant Category Code: 5541,32.24,,11091.71,2272,B,Gas,N,,,,
05-17-2022,2544,Check 2544 Tracer 817300000352534,500.00,,11123.95,NA,B,Check,N,,,,
05-17-2022,2535,Check 2535 Tracer 817300000352985,1000.00,,11623.95,NA,B,Check,N,,,,
05-17-2022,2534,Check 2534 Tracer 817300000354421,1650.00,,12623.95,NA,B,Check,N,,,,
05-17-2022,,Withdrawal POS #2DIFXG9IBL08/POS AMAZON.COM*1L52Z1XM0 SEATTLE WA Card 4969 Merchant Category Code: 4816,52.16,,14273.95,4969,B,Supplies,N,,,,
05-17-2022,,Withdrawal POS #213719939335/POS LAMBS TIRE 4155 3510 LAKE LEANDER TX Card 4969 Merchant Category Code: 5541,154.58,,14326.11,4969,B,Car Maintenance,N,,,,
05-17-2022,,Withdrawal DEBIT CARD/QT 4143 CEDAR PARK TX Date 05/16/22 24692162137100416353543 Card 4969Merchant Category Code: 5541,37.96,,14480.69,4969,B,Gas,N,,,,
05-17-2022,2537,Check 2537 Tracer 817300000201001,1408.00,,14518.65,NA,B,Check,N,,,,
05-17-2022,,Withdrawal POS #213700852751/POS 7-ELEVEN 6111 Bee Cave Rd US Austin Card 2675 Merchant Category Code: 5542,56.41,,15926.65,2675,B,Gas,N,,,,
05-17-2022,,Deposit Reconciled 0000025,,0.00,0.00,,,,no,,,,
05-17-2022,,"Deposit Bulk/Checks 3,312.45 Check Count 1 Deposit Number 0000025",,3312.45,15983.06,,,,no,,,,
05-17-2022,,Withdrawal POS #213764480101/POS NST THE HOME DEPOT 000858 7900 N FM 620 AUSTIN TX Card 2675Merchant Category Code: 5200,30.58,,12670.61,2675,B,Supplies,N,,,,
05-17-2022,,Withdrawal POS #213757855001/POS NST THE HOME DEPOT 000795 7900 N FM 620 AUSTIN TX Card 2675Merchant Category Code: 5200,39.96,,12701.19,2675,B,Supplies,N,,,,
05-17-2022,,Withdrawal ACH CHASE CREDIT CRD/TYPE: EPAY ID: 5760039224 CO: CHASE CREDIT CRD NAME: ARACELI VAZQUEZ,500.00,,12741.15,4969,P,Loan,N,,,,
05-17-2022,,Withdrawal ACH CITI CARD ONLINE/TYPE: PAYMENT ID: CITICTP CO: CITI CARD ONLINE NAME: MARTHA G HERNANDEZ,100.00,,13241.15,0001,P,Loan,N,,,,
05-17-2022,,Withdrawal POS #213743560800/POS 7-ELEVEN 36630 7844 BURNET RD AUSTIN TX Card 2675Merchant Category Code: 5542,112.87,,13341.15,2675,B,Gas,N,,,,
05-17-2022,,Withdrawal DEBIT CARD/H-E-B #265 CEDAR PARK TX Date 05/16/22 24427332136740274131325 Card 4969Merchant Category Code: 5411,61.08,,13454.02,4969,P,Groceries,N,,,,
05-17-2022,,Recurring Withdrawal Bill Payment - #213621100908/BP HP *INSTANT INK 855-785-2777 CA Card 0001 Merchant Category Code: 5111,27.05,,13515.10,0001,B,Supplies,Y,,,,
05-16-2022,2533,Check 2533 Tracer 817200000631207,600.00,,13542.15,NA,B,Check,N,,,,
05-16-2022,,Deposit Reconciled 0000009,,0.00,0.00,,,,no,,,,
05-16-2022,,Withdrawal Cash,3500.00,,14142.15,NA,B,Withdrawal,N,,,,
05-16-2022,,Withdrawal POS #7JSKO65MLAZS/POS AMAZON.COM*1L56D0020 SEATTLE WA Card 4969 Merchant Category Code: 4816,62.76,,17642.15,4969,B,Supplies,N,,,,
05-16-2022,2539,Check 2539 Tracer 817200000700218,2520.00,,17704.91,NA,B,Check,N,,,,
05-16-2022,,Withdrawal DEBIT CARD/RANDALLS #3145 LEANDER TX Date 05/15/22 24231682136837001923364 Card 4969Merchant Category Code: 5411,161.47,,20224.91,4969,P,Groceries,N,,,,
05-16-2022,,Withdrawal DEBIT CARD/TEXAS HONE* TEXAS HONE rob@texashone TX Date 05/16/22 24492162136000022276638 Card 0718Merchant Category Code: 5812,48.79,,20386.38,0718,P,Food/Entertainment,N,,,,
05-16-2022,,Withdrawal POS #213664311501/POS NST THE HOME DEPOT 002674 11301 LAKELINE RD AUSTIN TX Card 2272Merchant Category Code: 5200,77.81,,20435.17,2272,B,Supplies,N,,,,
05-16-2022,,Withdrawal DEBIT CARD/JIMMY JOHNS - 1810 - ECOM 512-259-1030 Date 05/15/22 24269792136500560683850 Card 4969Merchant Category Code: 5814,27.00,,20512.98,4969,P,Food/Entertainment,N,,,,
05-16-2022,,Withdrawal DEBIT CARD/CHIPOTLE ONLINE 180-024-4768 CA Date 05/16/22 24431062136083702313893 Card 4969Merchant Category Code: 5814,30.31,,20539.98,4969,P,Food/Entertainment,N,,,,
05-16-2022,,Withdrawal POS #213615033894/POS WALGREENS STORE 1505 W WH CEDAR PARK TX Card 0001Merchant Category Code: 5912,140.76,,20570.29,0001,P,Food/Entertainment,N,,,,
05-16-2022,,Withdrawal POS #213615022625/POS WALGREENS STORE 1505 W WH CEDAR PARK TX Card 0001Merchant Category Code: 5912,40.25,,20711.05,0001,P,Food/Entertainment,N,,,,
05-16-2022,,Withdrawal DEBIT CARD/TAMU NEW STUDENT CONFE 979-845-5209 TX Date 05/16/22 24692162136100115932317 Card 0718Merchant Category Code: 8220,55.00,,20751.30,0718,P,Lyn,N,,,,
05-16-2022,,"Deposit Bulk/Checks 3,247.50 Check Count 2 Deposit Number 0000009",,3247.50,20806.30,,,,no,,,,
05-16-2022,,Withdrawal ACH THE GUARDIAN/TYPE: INSUR PREM ID: 9555845001 CO: THE GUARDIAN,849.54,,17558.80,2272,B,Insurance,N,,,,
05-16-2022,,Withdrawal ACH FARMERS INS EXCH/TYPE: INSPAYMENT ID: 2432215866 DATA: BILL PAYMENT CO: FARMERS INS EXCH,661.91,,18408.34,,,,N,,,,
05-16-2022,,Withdrawal ACH DISCOVER/TYPE: E-PAYMENT ID: 3510020270 DATA: DC PYMNTS DCIDPIINT CO: DISCOVER NAME: HERNANDEZ SALVADOR,500.00,,19070.25,2272,P,Loan,N,,,,
05-16-2022,,Withdrawal ACH LendingClub/TYPE: 8885963157 ID: 8510605731 DATA: Y CO: LendingClub,498.15,,19570.25,2272,B,Supplies,N,,,,
05-16-2022,,Withdrawal ACH CAPITAL ONE/TYPE: CRCARDPMT ID: 9541719018 CO: CAPITAL ONE,300.00,,20068.40,,,,N,,,,
05-16-2022,,Withdrawal ACH INTUIT 85940695/TYPE: TRAN FEE ID: 9215986202 CO: INTUIT 85940695,181.86,,20368.40,,,,N,,,,
05-16-2022,,Withdrawal ACH HUMANA COMPBENEF/TYPE: 7709988936 ID: 2591843760 CO: HUMANA COMPBENEF,50.74,,20550.26,,,,N,,,,
05-16-2022,,Deposit ACH Texas Windstrom/TYPE: PAYABLES ID: 2746189303 DATA: DYNAMICS EFT DEPOSIT CO: Texas Windstrom,,8576.00,20601.00,,,,no,,,,
05-16-2022,,Deposit ACH INTUIT 19961325/TYPE: DEPOSIT ID: 9215986202 CO: INTUIT 19961325,,5326.75,12025.00,,,,no,,,,
05-16-2022,,Withdrawal DEBIT CARD/TAQUERIA GUADALAJARA AUSTIN TX Date 05/14/22 24036282135017052284365 Card 2272Merchant Category Code: 5812,23.62,,6698.25,2272,P,Food/Entertainment,N,,,,
05-15-2022,,Withdrawal DEBIT CARD/EXPEDIA 72305065969422 EXPEDIA.COM WA Date 05/15/22 24692162135100922961724 Card 0718Merchant Category Code: 4722,137.20,,6721.87,0718,P,Lyn,N,,,,
05-15-2022,,Withdrawal POS #213595784143/POS NNT LAKE LINE FOOD 000131 1075 N LINE BLVD 1 CEDAR PARK TX Card 2272Merchant Category Code: 5999,27.03,,6859.07,2272,P,Food/Entertainment,N,,,,
05-15-2022,,Withdrawal DEBIT CARD/TEXACO 0359729 CEDAR PARK TX Date 05/15/22 24692162135100423340048 Card 2272Merchant Category Code: 5541,32.57,,6886.10,2272,B,Gas,N,,,,
05-15-2022,,Withdrawal DEBIT CARD/TEXACO 0359729 CEDAR PARK TX Date 05/14/22 24692162134100302553837 Card 2272Merchant Category Code: 5541,4.31,,6918.67,2272,B,Gas,N,,,,
05-14-2022,,Withdrawal POS #213500059198/POS DSW CEDAR PARK T 5001 HWY CEDAR PARK TX Card 2272Merchant Category Code: 5661,38.97,,6922.98,2272,P,Supplies,N,,,,
05-14-2022,,Withdrawal POS #213500559482/POS WHOLEFDS CDP #10 5001 183 CEDAR PARK TX Card 2272Merchant Category Code: 5411,61.20,,6961.95,2272,P,Food/Entertainment,N,,,,
05-14-2022,,Withdrawal POS #213428431500/POS C STORE-5625 WESTGATE 5625 WESTGATE AUSTIN TX Card 2272Merchant Category Code: 5542,45.18,,7023.15,2272,B,Gas,N,,,,
05-14-2022,,Withdrawal at ATM #213400002153/ATM RBFCU 1110 N. BELL BLVD BLDG AUSTIN Card 4969 Merchant Category Code: 6011,500.00,,7068.33,4969,P,Loan,N,,,,
05-14-2022,2532,Check 2532 Tracer 817000000196001,3400.00,,7568.33,NA,B,Check,N,,,,
05-14-2022,,Deposit Reconciled 0000016,,0.00,0.00,,,,no,,,,
05-14-2022,,"Deposit Bulk/Checks 1,075.00 Check Count 2 Deposit Number 0000016",,1075.00,10968.33,,,,no,,,,
05-14-2022,,Withdrawal DEBIT CARD/WINGSTOP - 411 - MCOMM 512-996-9464 TX Date 05/13/22 24269792134001061162215 Card 4969Merchant Category Code: 5814,16.76,,9893.33,4969,P,Food/Entertainment,N,,,,
05-13-2022,,Withdrawal POS #107A7LDFC0X3/POS AMAZON.COM*1R8FV1L71 SEATTLE WA Card 4969 Merchant Category Code: 4816,124.89,,9910.09,4969,B,Supplies,N,,,,
05-13-2022,,Withdrawal POS #213318502903/POS H-E-B #029 W LAKE HILLS TX Card 0718 Merchant Category Code: 5411,331.39,,10034.98,0718,P,Groceries,N,,,,
05-13-2022,,Withdrawal DEBIT CARD/TEXAS HONE* TEXAS HONE rob@texashone TX Date 05/13/22 24492162133000030010071 Card 2272Merchant Category Code: 5812,35.41,,10366.37,2272,B,Food/Entertainment,N,,,,
05-13-2022,,Withdrawal DEBIT CARD/SHELL OIL 10012713003 AUSTIN TX Date 05/12/22 24316052133548119186771 Card 2675Merchant Category Code: 5541,50.00,,10401.78,2675,B,Gas,N,,,,
05-13-2022,,Withdrawal POS #213314657637/POS H-E-B #202 AUSTIN TX Card 2272 Merchant Category Code: 5411,186.00,,10451.78,2272,P,Groceries,N,,,,
05-13-2022,,Withdrawal DEBIT CARD/RANDALLS #3145 LEANDER TX Date 05/12/22 24231682133837001930206 Card 4969Merchant Category Code: 5411,100.00,,10637.78,4969,P,Groceries,N,,,,
05-13-2022,,Withdrawal DEBIT CARD/RANDALLS #3145 LEANDER TX Date 05/12/22 24231682133837001929240 Card 4969Merchant Category Code: 5411,64.88,,10737.78,4969,P,Groceries,N,,,,
05-13-2022,,Withdrawal POS #213300441854/POS 7-ELEVEN 1870 S. Bagdad Roa US TX Card 4969Merchant Category Code: 5542,62.09,,10802.66,4969,B,Gas,N,,,,
05-13-2022,,Withdrawal at ATM #213300001926/ATM RBFCU 1110 N. BELL BLVD BLDG AUSTIN Card 4969 Merchant Category Code: 6011,400.00,,10864.75,4969,P,Loan,N,,,,
05-13-2022,,Withdrawal POS #213309983900/POS COPPER RIDGE MARKET 7500 WEST HWY 29 LIBERTY HILL TX Card 2675Merchant Category Code: 5542,73.97,,11264.75,2675,B,Gas,N,,,,
05-13-2022,,Withdrawal POS #213311845199/POS SHELL SERVICE STATION ROUND ROCK TX Card 2272 Merchant Category Code: 5542,47.23,,11338.72,2272,B,Gas,N,,,,
05-13-2022,,Withdrawal ACH WEBFILE TAX PYMT/TYPE: DD ID: 2146000311 DATA: CPA TAX PAYMENTS CO: WEBFILE TAX PYMT,6318.80,,11385.95,0001,B,Tax,N,,,,
05-13-2022,,Withdrawal ACH AMEX EPAYMENT/TYPE: ACH PMT ID: 0005000008 DATA: ER AM CO: AMEX EPAYMENT,685.06,,17704.75,,,,N,,,,
05-13-2022,,Withdrawal DEBIT CARD/DAIRY QUEEN 45856 AUSTIN TX Date 05/12/22 24231682133400000000305 Card 2272Merchant Category Code: 5814,13.93,,18389.81,2272,P,Food/Entertainment,N,,,,
05-13-2022,,Recurring Withdrawal DEBIT CARD/MCW308-WHITESTONE 866-2543229 TX Date 05/12/22 24071052132939159553309 Card 2272Merchant Category Code: 7542,19.99,,18403.74,2272,P,Car Maintenance,N,,,,
05-13-2022,,"Withdrawal DEBIT CARD/IN *KRISTY R. CORTEZ, PC 512-8352635 TX Date 05/12/22 24692162132100619448426 Card 4969Merchant Category Code: 8931",750.00,,18423.73,4969,B,Services,N,,,,
05-13-2022,,Withdrawal DEBIT CARD/PAYPAL *HITECHPOWER HITEC 402-935-7733 Date 05/12/22 24492152132852633634489 Card 4969Merchant Category Code: 4816,823.43,,19173.73,4969,B,Pressure Wash,N,,,,
05-13-2022,,Withdrawal POS #213200995320/POS 7-ELEVEN 6111 Bee Cave Rd US Austin Card 0718 Merchant Category Code: 5542,40.03,,19997.16,0718,B,Gas,N,,,,
05-13-2022,,Withdrawal POS #213200998436/POS 7-ELEVEN 6111 BEE CAVE RD US AUSTIN Card 0718 Merchant Category Code: 5541,10.93,,20037.19,0718,P,Food/Entertainment,N,,,,
05-12-2022,,Deposit Reconciled 0000030,,0.00,0.00,,,,no,,,,
05-12-2022,,"Withdrawal Transfer/To HERNANDEZ,MARTHA 331014 Loan 02",422.81,,20048.12,0001,P,Loan,N,,,,
05-12-2022,,Withdrawal Cash,1500.00,,20470.93,NA,B,Withdrawal,N,,,,
05-12-2022,,"Deposit Bulk/Checks 3,680.50 Check Count 1 Deposit Number 0000030",,3680.50,21970.93,,,,no,,,,
05-12-2022,,Uncollected Fee/Due since 05/11/22 - Courtesy Pay-Dbt,34.00,,18290.43,NA,B,Fee,N,,,,
05-12-2022,,Uncollected Fee/Due since 05/11/22 - Courtesy Pay-Dbt,34.00,,18324.43,NA,B,Fee,N,,,,
05-12-2022,,Uncollected Fee/Due since 05/11/22 - Courtesy Pay-Dbt,34.00,,18358.43,NA,B,Fee,N,,,,
05-12-2022,,Uncollected Fee/Due since 05/10/22 - Courtesy Pay-ACH,34.00,,18392.43,NA,B,Fee,N,,,,
05-12-2022,,Uncollected Fee/Due since 05/09/22 - UNPAIDNSF,34.00,,18426.43,NA,B,Fee,N,,,,
05-12-2022,,Uncollected Fee/Due since 05/09/22 - UNPAIDNSF,34.00,,18460.43,NA,B,Fee,N,,,,
05-12-2022,,Uncollected Fee/Due since 05/09/22 - Overdrawn ACH,34.00,,18494.43,NA,B,Fee,N,,,,
05-12-2022,,Uncollected Fee/Due since 05/09/22 - Overdrawn ACH,34.00,,18528.43,NA,B,Fee,N,,,,
05-12-2022,,Uncollected Fee/Due since 05/06/22 - Overdrawn Debit,34.00,,18562.43,NA,B,Fee,N,,,,
05-12-2022,,Uncollected Fee/Due since 05/06/22 - Overdrawn Debit,34.00,,18596.43,NA,B,Fee,N,,,,
05-12-2022,,Uncollected Fee/Due since 05/06/22 - Overdrawn Debit,34.00,,18630.43,NA,B,Fee,N,,,,
05-12-2022,,Uncollected Fee/Due since 05/05/22 - UNPAIDNSF,34.00,,18664.43,NA,B,Fee,N,,,,
05-12-2022,,Uncollected Fee/Due since 05/05/22 - UNPAIDNSF,34.00,,18698.43,NA,B,Fee,N,,,,
05-12-2022,,Uncollected Fee/Due since 05/05/22 - Courtesy Pay-Dbt,34.00,,18732.43,NA,B,Fee,N,,,,
05-12-2022,,Uncollected Fee/Due since 05/05/22 - Courtesy Pay-Dbt,34.00,,18766.43,NA,B,Fee,N,,,,
05-12-2022,,Uncollected Fee/Due since 05/05/22 - Courtesy Pay-ACH,34.00,,18800.43,NA,B,Fee,N,,,,
05-12-2022,,Uncollected Fee/Due since 05/05/22 - Courtesy Pay-ACH,34.00,,18834.43,NA,B,Fee,N,,,,
05-12-2022,,Uncollected Fee/Due since 05/05/22 - Courtesy Pay-ACH,34.00,,18868.43,NA,B,Fee,N,,,,
05-12-2022,,Uncollected Fee/Due since 05/05/22 - Courtesy Pay-Dbt,34.00,,18902.43,NA,B,Fee,N,,,,
05-12-2022,,Uncollected Fee/Due since 05/05/22 - Courtesy Pay-Dbt,34.00,,18936.43,NA,B,Fee,N,,,,
05-12-2022,,Uncollected Fee/Due since 05/05/22 - Courtesy Pay-Dbt,34.00,,18970.43,NA,B,Fee,N,,,,
05-12-2022,,Uncollected Fee/Due since 05/05/22 - Courtesy Pay-Dbt,34.00,,19004.43,NA,B,Fee,N,,,,
05-12-2022,,Uncollected Fee/Due since 05/05/22 - Courtesy Pay-Dbt,34.00,,19038.43,NA,B,Fee,N,,,,
05-12-2022,,Uncollected Fee/Due since 05/05/22 - Courtesy Pay-Dbt,34.00,,19072.43,NA,B,Fee,N,,,,
05-12-2022,,Uncollected Fee/Due since 05/04/22 - Courtesy Pay-Ck,34.00,,19106.43,NA,B,Fee,N,,,,
05-12-2022,,Uncollected Fee/Due since 05/04/22 - Courtesy Pay-Ck,34.00,,19140.43,NA,B,Fee,N,,,,
05-11-2022,,Withdrawal POS #213153959320/POS NNT LA MEXICANA MAR000316 900 EAST PALM VALLEY BO ROUND ROCK TX Card 2272Merchant Category Code: 5411,19.47,,19174.43,2272,P,Food/Entertainment,N,,,,
05-11-2022,,Withdrawal POS #213100729179/POS WM SUPERCENTER # Wal-Mart Super CEDAR PARK TX Card 4969Merchant Category Code: 5411,152.20,,19193.90,4969,P,Groceries,N,,,,
05-11-2022,,Deposit Reconciled 0000062,,0.00,0.00,,,,no,,,,
05-11-2022,,Withdrawal Cash,5000.00,,19346.10,NA,B,Withdrawal,N,,,,
05-11-2022,,"Deposit Bulk/Checks 23,462.10 Check Count 13 Deposit Number 0000062",,23462.10,24346.10,,,,no,,,,
05-11-2022,,"Withdrawal Transfer/To HERNANDEZ,MARTHA 331014 Loan 02",24.97,,884.00,0001,P,Loan,N,,,,
05-11-2022,,Recurring Withdrawal Bill Payment - #213128700873/BP ADOBE ACROPRO SUBS 408-536-6000 CA Card 0001 Merchant Category Code: 5734,16.23,,908.97,0001,B,Software,N,,,,
05-11-2022,,Deposit Reconciled 0000016,,0.00,0.00,,,,no,,,,
05-11-2022,,Deposit Bulk/Checks 920.13 Check Count 1 Deposit Number 0000016,,920.13,925.20,,,,no,,,,
05-11-2022,,Uncollected Fee of $34.00 is Due,,0.00,0.00,,,,no,,,,
05-11-2022,,Courtesy Pay-Dbt,,0.00,5.07,,,,no,,,,
05-11-2022,,Withdrawal DEBIT CARD/TEXASGASSERVICE 800-700-2443 OK Date 05/10/22 24492152130719265773574 Card 0718Merchant Category Code: 4900,44.57,,5.07,0718,B,Utilities,N,,,,
05-11-2022,,Uncollected Fee of $34.00 is Due,,0.00,0.00,,,,no,,,,
05-11-2022,,Courtesy Pay-Dbt,,0.00,49.64,,,,no,,,,
05-11-2022,,Withdrawal DEBIT CARD/DOG WASTE DEPOT.COM 856-495-5102 CA Date 05/11/22 24692162131100187713145 Card 2272Merchant Category Code: 2842,288.94,,49.64,2272,B,Supplies,N,,,,
05-11-2022,,Uncollected Fee of $34.00 is Due,,0.00,0.00,,,,no,,,,
05-11-2022,,Courtesy Pay-Dbt,,0.00,338.58,,,,no,,,,
05-11-2022,,Withdrawal DEBIT CARD/CEDAR PARK OBGYN ASSOC 512-5287385 TX Date 05/10/22 24755422130271303775202 Card 2272Merchant Category Code: 8011,64.00,,338.58,2272,P,Medical,N,,,,
05-10-2022,,Uncollected Fee of $34.00 is Due,,0.00,0.00,,,,no,,,,
05-10-2022,,Courtesy Pay-ACH,,0.00,402.58,,,,no,,,,
05-10-2022,,Withdrawal ACH IRS/TYPE: USATAXPYMT ID: 3387702000 CO: IRS NAME: SALVADOR E & MARTHA G,2500.00,,402.58,2272,B,Tax,N,,,,
05-10-2022,,Deposit Reconciled 0000029,,0.00,0.00,,,,no,,,,
05-10-2022,,"Deposit Bulk/Checks 2,849.14 Check Count 1 Deposit Number 0000029",,2849.14,2902.58,,,,no,,,,
05-10-2022,2525,Check 2525 Tracer 000000000507700,1442.50,,53.44,NA,B,Check,N,,,,
05-10-2022,,Withdrawal POS #213010282087/POS SHELL SERVICE STATION AUSTIN TX Card 2675 Merchant Category Code: 5542,69.17,,1495.94,2675,B,Gas,N,,,,
05-10-2022,,"Withdrawal ACH City of Austin T/TYPE: PAYMENT ID: 5746000085 CO: City of Austin T NAME: GONZALEZ VARGAS, MICHE",122.82,,1565.11,0718,B,Utilities,N,,,,
05-10-2022,,Deposit ACH Ternion Growth P/TYPE: SIGONFILE ID: 9000830338 DATA: 805-680-2004 CO: Ternion Growth P,,811.88,1687.93,,,,no,,,,
05-10-2022,,Deposit ACH Ternion Growth P/TYPE: SIGONFILE ID: 9000830338 DATA: 805-680-2004 CO: Ternion Growth P,,454.65,876.05,,,,no,,,,
05-10-2022,,Deposit ACH Ternion Growth P/TYPE: SIGONFILE ID: 9000830338 DATA: 805-680-2004 CO: Ternion Growth P,,454.65,421.40,,,,no,,,,
05-10-2022,,"Deposit/Bill.com, LLC Visa Direct CA Date 05/10/22 0 2130693998 2 5734 Card 0001Merchant Category Code: 5734",,2048.88,-33.25,,,,no,,,,
05-09-2022,,Uncollected Fee of $34.00 is Due,,0.00,0.00,,,,no,,,,
05-09-2022,,"UNPAIDNSF 2526/In the amount $3,000.00.",,0.00,-2082.13,,,,no,,,,
05-09-2022,,Uncollected Fee of $34.00 is Due,,0.00,0.00,,,,no,,,,
05-09-2022,,"UNPAIDNSF 2525/In the amount $1,442.50.",,0.00,-2082.13,,,,no,,,,
05-09-2022,,Uncollected Fee of $34.00 is Due,,0.00,0.00,,,,no,,,,
05-09-2022,,Overdrawn ACH/IRS,,0.00,-2082.13,,,,no,,,,
05-09-2022,,Deposit Reconciled 0000024,,0.00,0.00,,,,no,,,,
05-09-2022,,Deposit Bulk/Checks 936.37 Check Count 1 Deposit Number 0000024,,936.37,-2082.13,,,,no,,,,
05-09-2022,,Uncollected Fee of $34.00 is Due,,0.00,0.00,,,,no,,,,
05-09-2022,,Overdrawn ACH/AMERICAN GEN LIF,,0.00,-3018.50,,,,no,,,,
05-06-2022,2520,Check 2520 Tracer 816200000380001,892.50,,-3018.50,NA,B,Check,N,,,,
05-06-2022,,Withdrawal Courtesy Pay fee,34.00,,-2126.00,NA,B,Fee,N,,,,
05-06-2022,,Uncollected Fee of $34.00 is Due,,0.00,0.00,,,,no,,,,
05-06-2022,,Overdrawn Debit,,0.00,-2092.00,,,,no,,,,
05-06-2022,,Withdrawal DEBIT CARD/FYF*FROMYOUFLOWERS 800-838-8853 CT Date 05/06/22 24692162126100373900271 Card 4969Merchant Category Code: 5992,89.79,,-2092.00,4969,P,Food/Entertainment,N,,,,
05-06-2022,,Uncollected Fee of $34.00 is Due,,0.00,0.00,,,,no,,,,
05-06-2022,,Overdrawn Debit,,0.00,-2002.21,,,,no,,,,
05-06-2022,,Withdrawal DEBIT CARD/THE CROMEENS LAW FIRM HOUSTON TX Date 05/05/22 24559302125900012079170 Card 2272Merchant Category Code: 8111,620.00,,-2002.21,2272,B,Law,N,,,,
05-06-2022,,Uncollected Fee of $34.00 is Due,,0.00,0.00,,,,no,,,,
05-06-2022,,Overdrawn Debit,,0.00,-1382.21,,,,no,,,,
05-06-2022,,Recurring Withdrawal DEBIT CARD/APPLE.COM/BILL 408-974-1010 CA Date 05/05/22 24430992125828326836212 Card 2272Merchant Category Code: 5735,2.99,,-1382.21,2272,P,Software,N,,,,
05-05-2022,,Uncollected Fee of $34.00 is Due,,0.00,0.00,,,,no,,,,
05-05-2022,,UNPAIDNSF 2522/In the amount $850.00.,,0.00,-1379.22,,,,no,,,,
05-05-2022,,Uncollected Fee of $34.00 is Due,,0.00,0.00,,,,no,,,,
05-05-2022,,"UNPAIDNSF 2521/In the amount $2,800.00.",,0.00,-1379.22,,,,no,,,,
05-05-2022,,Uncollected Fee of $34.00 is Due,,0.00,0.00,,,,no,,,,
05-05-2022,,Courtesy Pay-Dbt,,0.00,-1379.22,,,,no,,,,
05-05-2022,,Withdrawal POS #212500086915/POS 7-ELEVEN 17510 Judson Rd US San Antonio TX Card 4969Merchant Category Code: 5542,1.24,,-1379.22,4969,P,Gas,N,,,,
05-05-2022,,Uncollected Fee of $34.00 is Due,,0.00,0.00,,,,no,,,,
05-05-2022,,Courtesy Pay-Dbt,,0.00,-1377.98,,,,no,,,,
05-05-2022,,Withdrawal POS #212514710491/POS WALGREENS STORE 1505 W WH CEDAR PARK TX Card 2272Merchant Category Code: 5912,39.99,,-1377.98,2272,P,Groceries,N,,,,
05-05-2022,,Uncollected Fee of $34.00 is Due,,0.00,0.00,,,,no,,,,
05-05-2022,,Courtesy Pay-ACH,,0.00,-1337.99,,,,no,,,,
05-05-2022,,Withdrawal ACH FARMERS INS EXCH/TYPE: INSPAYMENT ID: 2432215866 DATA: BILL PAYMENT CO: FARMERS INS EXCH,1005.33,,-1337.99,,,,N,,,,
05-05-2022,,Uncollected Fee of $34.00 is Due,,0.00,0.00,,,,no,,,,
05-05-2022,,Courtesy Pay-ACH,,0.00,-332.66,,,,no,,,,
05-05-2022,,Withdrawal ACH *LINCOLN NATLIFE/TYPE: PREMPAYMNT ID: 3504728231 DATA: 0018400TER CO: *LINCOLN NATLIFE,105.20,,-332.66,,,,N,,,,
05-05-2022,,Uncollected Fee of $34.00 is Due,,0.00,0.00,,,,no,,,,
05-05-2022,,Courtesy Pay-ACH,,0.00,-227.46,,,,no,,,,
05-05-2022,,Withdrawal ACH INTUIT 32275995/TYPE: TRAN FEE ID: 9215986202 CO: INTUIT 32275995,19.38,,-227.46,,,,N,,,,
05-05-2022,,Deposit ACH INTUIT 66651495/TYPE: DEPOSIT ID: 9215986202 CO: INTUIT 66651495,,562.74,-208.08,,,,no,,,,
05-05-2022,,Uncollected Fee of $34.00 is Due,,0.00,0.00,,,,no,,,,
05-05-2022,,Courtesy Pay-Dbt,,0.00,-770.82,,,,no,,,,
05-05-2022,,Withdrawal DEBIT CARD/A & A AUTOMECHANIC SERVIC ROUND ROCK TX Date 05/04/22 24559302124900010100037 Card 2272Merchant Category Code: 7538,1595.26,,-770.82,2272,B,Car Maintenance,N,,,,
05-05-2022,,Uncollected Fee of $34.00 is Due,,0.00,0.00,,,,no,,,,
05-05-2022,,Courtesy Pay-Dbt,,0.00,824.44,,,,no,,,,
05-05-2022,,Withdrawal DEBIT CARD/WINGSTOP - 411 - MCOMM 512-996-9464 TX Date 05/04/22 24269792125001039284464 Card 4969Merchant Category Code: 5814,37.40,,824.44,4969,P,Food/Entertainment,N,,,,
05-05-2022,,Uncollected Fee of $34.00 is Due,,0.00,0.00,,,,no,,,,
05-05-2022,,Courtesy Pay-Dbt,,0.00,861.84,,,,no,,,,
05-05-2022,,Withdrawal DEBIT CARD/GATTIS PIZZA CEDAR PARK CEDAR PARK TX Date 05/04/22 24632692125001009834282 Card 4969Merchant Category Code: 5812,25.05,,861.84,4969,P,Food/Entertainment,N,,,,
05-05-2022,,Uncollected Fee of $34.00 is Due,,0.00,0.00,,,,no,,,,
05-05-2022,,Courtesy Pay-Dbt,,0.00,886.89,,,,no,,,,
05-05-2022,,Withdrawal DEBIT CARD/TEXACO 0359729 CEDAR PARK TX Date 05/04/22 24692162124100035764059 Card 2272Merchant Category Code: 5542,54.36,,886.89,2272,B,Gas,N,,,,
05-05-2022,,Uncollected Fee of $34.00 is Due,,0.00,0.00,,,,no,,,,
05-05-2022,,Courtesy Pay-Dbt,,0.00,941.25,,,,no,,,,
05-05-2022,,Withdrawal DEBIT CARD/MCDONALD'S F10171 CEDAR PARK TX Date 05/04/22 24427332124720241747126 Card 2272Merchant Category Code: 5814,13.06,,941.25,2272,P,Food/Entertainment,N,,,,
05-05-2022,,Uncollected Fee of $34.00 is Due,,0.00,0.00,,,,no,,,,
05-05-2022,,Courtesy Pay-Dbt,,0.00,954.31,,,,no,,,,
05-05-2022,,Withdrawal DEBIT CARD/GREAT AMERICAN COOKIES AN LEANDER TX Date 05/03/22 24207852124030601465522 Card 4969Merchant Category Code: 5499,20.96,,954.31,4969,P,Food/Entertainment,N,,,,
05-04-2022,,Uncollected Fee of $34.00 is Due,,0.00,0.00,,,,no,,,,
05-04-2022,,Courtesy Pay-Ck,,0.00,975.27,,,,no,,,,
05-04-2022,2529,Check 2529 Tracer 816000000415245,429.35,,975.27,NA,B,Check,N,,,,
05-04-2022,,Uncollected Fee of $34.00 is Due,,0.00,0.00,,,,no,,,,
05-04-2022,,Courtesy Pay-Ck,,0.00,1404.62,,,,no,,,,
05-04-2022,2518,Check 2518 Tracer 816000000415242,1350.00,,1404.62,NA,B,Check,N,,,,
05-04-2022,2516,Check 2516 Tracer 816000000414025,100.00,,2754.62,NA,B,Check,N,,,,
05-04-2022,,Withdrawal DEBIT CARD/RANDALLS #3145 LEANDER TX Date 05/03/22 24231682124837001356015 Card 4969Merchant Category Code: 5411,142.37,,2854.62,4969,P,Groceries,N,,,,
05-04-2022,,Withdrawal DEBIT CARD/CINEPOLIS TX - WEB 972-993-1533 TX Date 05/04/22 24692162124100556057214 Card 4969Merchant Category Code: 7832,64.92,,2996.99,4969,P,Food/Entertainment,N,,,,
05-04-2022,,Withdrawal DEBIT CARD/CITY OF LEANDER UTILITY 512-5282700 TX Date 05/03/22 24755422124641243361693 Card 4969Merchant Category Code: 4900,262.63,,3061.91,4969,P,Utilities,N,,,,
05-04-2022,,Withdrawal DEBIT CARD/MUNICIPAL ONLINE PAYMENTS 844-7244507 TX Date 05/03/22 24755422124641242278799 Card 4969Merchant Category Code: 7372,1.25,,3324.54,4969,P,Loan,N,,,,
05-04-2022,,Withdrawal DEBIT CARD/QUINTA CAPORALES MEAT AUSTIN TX Date 05/03/22 24765012124400024000245 Card 2272Merchant Category Code: 5411,75.42,,3325.79,2272,P,Food/Entertainment,N,,,,
05-04-2022,,Withdrawal POS #212414919361/POS WALGREENS STORE 1505 W WH CEDAR PARK TX Card 2272Merchant Category Code: 5912,51.00,,3401.21,2272,P,Groceries,N,,,,
05-04-2022,,Withdrawal DEBIT CARD/EXXONMOBIL 99760365 AUSTIN TX Date 05/03/22 24164052124837008115858 Card 2272Merchant Category Code: 5541,41.04,,3452.21,2272,B,Gas,N,,,,
05-04-2022,,Withdrawal ACH BKAMERICA/TYPE: IC PAYMENT ID: 1409936115 CO: BKAMERICA,877.05,,3493.25,,,,N,,,,
05-04-2022,,Withdrawal ACH ATT/TYPE: Payment ID: 9864031005 CO: ATT NAME: UHCU,84.19,,4370.30,,,Phone,N,,,,
05-04-2022,,Withdrawal ACH AMERICAN GEN LIF/TYPE: INS PAYMT ID: 4250598210 CO: AMERICAN GEN LIF,44.54,,4454.49,,,,N,,,,
05-04-2022,,Withdrawal ACH INTUIT 22286445/TYPE: TRAN FEE ID: 9215986202 CO: INTUIT 22286445,12.81,,4499.03,,,,N,,,,
05-04-2022,,Deposit ACH INTUIT 57353165/TYPE: DEPOSIT ID: 9215986202 CO: INTUIT 57353165,,433.00,4511.84,,,,no,,,,
05-04-2022,,Withdrawal DEBIT CARD/RENKEN DENTISTRY OF CRYS 2174837177 TX Date 05/03/22 24801972123726237396299 Card 4969Merchant Category Code: 8021,19.22,,4078.84,4969,P,Medical,N,,,,
05-03-2022,,Withdrawal DEBIT CARD/CHEVRON 0175485 AUSTIN TX Date 05/03/22 24692162123100082019564 Card 2272Merchant Category Code: 5542,53.01,,4098.06,2272,B,Gas,N,,,,
05-03-2022,2519,Check 2519 Tracer 815900000525730,1000.00,,4151.07,NA,B,Check,N,,,,
05-03-2022,2530,Check 2530 Tracer 815900000474001,936.00,,5151.07,NA,B,Check,N,,,,
05-03-2022,,Withdrawal POS #212300138771/POS 7-ELEVEN 1711-A W Hwy 290 US Spri TX Card 0001Merchant Category Code: 5542,26.49,,6087.07,0001,P,Supplies,N,,,,
05-03-2022,,Withdrawal POS #212314465755/POS H-E-B #029 W LAKE HILLS TX Card 0718 Merchant Category Code: 5411,0.75,,6113.56,0718,P,Groceries,N,,,,
05-03-2022,,Withdrawal POS #212314094532/POS H-E-B #029 W LAKE HILLS TX Card 0718 Merchant Category Code: 5411,61.52,,6114.31,0718,P,Groceries,N,,,,
05-03-2022,2528,Check 2528 Tracer 815900000414001,1280.00,,6175.83,NA,B,Check,N,,,,
05-03-2022,2523,Check 2523 Tracer 815900000306001,2050.00,,7455.83,NA,B,Check,N,,,,
05-03-2022,2524,Check 2524 Tracer 815900000074001,2500.00,,9505.83,NA,B,Check,N,,,,
05-03-2022,,Withdrawal ACH Pedernales Elect/TYPE: WEB PMTS ID: 9000366457 DATA: 830-868-7155 CO: Pedernales Elect NAME: Martha Hernandez,245.85,,12005.83,0001,,,N,,,,
05-03-2022,,Withdrawal ACH CAPITAL ONE/TYPE: MOBILE PMT ID: 9279744980 CO: CAPITAL ONE,100.00,,12251.68,,,,N,,,,
05-03-2022,,Withdrawal ACH INTUIT 16318385/TYPE: TRAN FEE ID: 9215986202 CO: INTUIT 16318385,9.67,,12351.68,,,,N,,,,
05-03-2022,,Withdrawal DEBIT CARD/DD DOORDASH JERSEYMIK 855-973-1040 CA Date 05/03/22 24492152123715317056108 Card 4969Merchant Category Code: 5812,29.23,,12361.35,4969,P,Food/Entertainment,N,,,,
05-03-2022,,Deposit ACH INTUIT 50654415/TYPE: DEPOSIT ID: 9215986202 CO: INTUIT 50654415,,324.75,12390.58,,,,no,,,,
05-03-2022,,Withdrawal POS #212300380911/POS 7-ELEVEN 2620 LAKE AUSTIN B US TX Card 2675Merchant Category Code: 5541,80.00,,12065.83,2675,B,Gas,N,,,,
05-03-2022,,Withdrawal POS #212300076663/POS 7-ELEVEN 1870 S. Bagdad Roa US TX Card 2675Merchant Category Code: 5542,62.51,,12145.83,2675,B,Gas,N,,,,
05-03-2022,,Withdrawal DEBIT CARD/H-E-B #029 WEST LAKE HIL TX Date 05/02/22 24427332122740275689095 Card 0001Merchant Category Code: 5411,94.67,,12208.34,0001,P,Groceries,N,,,,
05-03-2022,,Withdrawal DEBIT CARD/LA CHAPARRITA MEAT MARKET LEANDER TX Date 05/01/22 24122592122030025973792 Card 2272Merchant Category Code: 5411,43.08,,12303.01,2272,P,Food/Entertainment,N,,,,
05-03-2022,,Withdrawal DEBIT CARD/LOC CITIZENS*308205382 401-2825259 CT Date 05/01/22 24638572122016026019700 Card 4969Merchant Category Code: 6012,63.76,,12346.09,4969,P,Loan,N,,,,
05-02-2022,,Withdrawal Bill Payment #212216992609/BP APPLE COM BILL CUPERTINO CA Card 2272 Merchant Category Code: 4899,14.06,,12409.85,2272,P,Software,N,,,,
05-02-2022,,Deposit ACH ACCENTURE LLP/TYPE: PAYMENTS ID: 8975729001 CO: ACCENTURE LLP,,8871.09,12423.91,,,,no,,,,
05-02-2022,,Deposit Transfer From Share 00/Funds Transfer via Online,,3000.00,3552.82,,,,no,,,,
05-02-2022,2517,Check 2517 Tracer 815800000421001,1280.00,,552.82,NA,B,Check,N,,,,
05-02-2022,,Withdrawal POS #212213082479/POS SHELL SERVICE STATION AUSTIN TX Card 2272 Merchant Category Code: 5542,54.32,,1832.82,2272,B,Gas,N,,,,
05-02-2022,,Withdrawal DEBIT CARD/DD DOORDASH GINOSITAL 855-973-1040 CA Date 05/02/22 24492152122713183176630 Card 4969Merchant Category Code: 5812,44.95,,1887.14,4969,P,Food/Entertainment,N,,,,
05-02-2022,,Withdrawal DEBIT CARD/TACO BELL #030096 LEANDER TX Date 05/01/22 24943002122838002760777 Card 4969Merchant Category Code: 5814,26.10,,1932.09,4969,P,Food/Entertainment,N,,,,
05-02-2022,,Deposit Reconciled 0000031,,0.00,0.00,,,,no,,,,
05-02-2022,,Deposit Bulk/Checks 270.63 Check Count 1 Deposit Number 0000031,,270.63,1958.19,,,,no,,,,
05-02-2022,,Withdrawal DEBIT CARD/WALGREENS #7061 CEDAR PARK TX Date 05/01/22 24445002122000648303347 Card 2272Merchant Category Code: 5912,62.22,,1687.56,2272,P,Medical,N,,,,
05-02-2022,,Withdrawal ACH BCBS HEALTH HPS/TYPE: 8007928595 ID: 1361236610 CO: BCBS HEALTH HPS NAME: MARTHA HERNANDEZ MARTH,866.28,,1749.78,0001,B,Insurance,N,,,,
05-02-2022,,Withdrawal ACH Financial Pacifi/TYPE: LEASE PYMT ID: 9118771358 CO: Financial Pacifi,524.83,,2616.06,,B,Insurance,N,,,,
05-02-2022,,Withdrawal ACH BCBS HEALTH HPS/TYPE: 8007928595 ID: 1361236610 CO: BCBS HEALTH HPS,498.66,,3140.89,,B,Insurance,N,,,,
05-02-2022,,Withdrawal ACH NAVIENT/TYPE: NAVI DEBIT ID: 3520974271 DATA: LSC/F ------ CO: NAVIENT,204.90,,3639.55,,B,Loan,N,,,,
05-02-2022,,Withdrawal DEBIT CARD/SHELL OIL 10012713003 AUSTIN TX Date 04/30/22 24316052121548382853119 Card 2272Merchant Category Code: 5541,39.12,,3844.45,2272,B,Gas,N,,,,
05-01-2022,,Withdrawal DEBIT CARD/TACO CABANA 20254 CEDAR PARK TX Date 04/30/22 24231682121091000213834 Card 4969Merchant Category Code: 5814,50.80,,3883.57,4969,P ,Food/Entertainment,N,,,,
05-01-2022,,Withdrawal POS #212113216990/POS H-E-B #029 W LAKE HILLS TX Card 0718 Merchant Category Code: 5411,43.88,,3934.37,0718,B/P,Groceries,N,,,,
05-01-2022,,Withdrawal DEBIT CARD/TST* The Garden at the 70 AUSTIN TX Date 04/30/22 24692162121100786691454 Card 2272Merchant Category Code: 5812,160.98,,3978.25,2272,P,Food/Entertainment,N,,,,
05-01-2022,,Withdrawal DEBIT CARD/LOTUS HUNAN AUSTIN TX Date 04/30/22 24013392120003324617096 Card 0718Merchant Category Code: 5812,71.10,,4139.23,0718,P,Food/Entertainment,N,,,,
04-30-2022,,Withdrawal TRANSACTION FEES,41.50,,4210.33,NA,B,Withdrawal,N,,,,
04-30-2022,,Withdrawal LOW BALANCE FEE,6.00,,4251.83,NA,B,Withdrawal,N,,,,
04-30-2022,,Deposit Reconciled 0000032,,0.00,0.00,,,,no,,,,
04-30-2022,,"Deposit Bulk/Checks 1,706.02 Check Count 2 Deposit Number 0000032",,1706.02,4257.83,,,,no,,,,
04-30-2022,,Withdrawal DEBIT CARD/TST* Buenos Aires Cafe - Austin TX Date 04/29/22 24692162120100955113521 Card 2272Merchant Category Code: 5812,194.16,,2551.81,2272,P,Food/Entertainment,N,,,,
04-30-2022,,Withdrawal POS #212010216487/POS LOWE'S #2774 LEANDER TX Card 2675 Merchant Category Code: 5200,42.20,,2745.97,2675,B,Supplies,N,,,,
04-30-2022,,Withdrawal DEBIT CARD/H-E-B GAS/CAR WASH#224 SAN ANTONIO TX Date 04/29/22 24427332119740289171028 Card 4969Merchant Category Code: 5542,35.83,,2788.17,4969,B,Gas,N,,,,
04-30-2022,,Withdrawal DEBIT CARD/CHICK-FIL-A #01136 512-329-9171 TX Date 04/28/22 24427332119710008239711 Card 0718Merchant Category Code: 5814,37.81,,2824.00,0718,P,Food/Entertainment,N,,,,
04-29-2022,,Withdrawal POS #211919979283/POS H-E-B #265 CEDAR PARK TX Card 2272 Merchant Category Code: 5411,150.61,,2861.81,2272,P,Groceries,N,,,,
04-29-2022,,Withdrawal at ATM #211920872412/ATM M186166 10815 RR2222 AUSTIN TX Card 2272 Merchant Category Code: 6011,500.00,,3012.42,2272,B,Withdrawal,N,,,,
04-29-2022,,Withdrawal DEBIT CARD/SHELL OIL 57546015504 CEDAR PARK TX Date 04/28/22 24316052119548879555478 Card 2272Merchant Category Code: 5541,20.87,,3512.42,2272,B,Gas,N,,,,
04-29-2022,,Withdrawal DEBIT CARD/HARMONY DENTAL WELLNESS AUSTIN TX Date 04/28/22 24269792119500583343632 Card 2272Merchant Category Code: 8021,233.00,,3533.29,2272,P,Health,N,,,,
04-29-2022,,Withdrawal DEBIT CARD/BLAZE PIZZA - 1090 - AUST 858-458-9753 Date 04/28/22 24269792119500583324418 Card 4969Merchant Category Code: 5812,58.29,,3766.29,4969,P,Food/Entertainment,N,,,,
04-29-2022,,Withdrawal POS #211911151697/POS SHELL SERVICE STATION ROUND ROCK TX Card 2272 Merchant Category Code: 5542,100.00,,3824.58,2272,B,Gas,N,,,,
04-29-2022,,Withdrawal POS #211962228701/POS NST THE HOME DEPOT 000382 2700 WHITESTONE BLVD CEDAR PARK TX Card 2272Merchant Category Code: 5200,178.15,,3924.58,2272,B,Supplies,N,,,,
04-29-2022,,Withdrawal ACH ADP PAYROLL FEES/TYPE: ADP - FEES ID: 9659605001 DATA: OT CO: ADP PAYROLL FEES,82.42,,4102.73,NA,B,Payroll,N,,,,
04-29-2022,,Withdrawal DEBIT CARD/TST* PINTHOUSE PIZZA - BU AUSTIN TX Date 04/28/22 24137462119001255638334 Card 2272Merchant Category Code: 5812,10.00,,4185.15,2272,P,Food/Entertainment,N,,,,
04-29-2022,,Withdrawal DEBIT CARD/TST* PINTHOUSE PIZZA - BU AUSTIN TX Date 04/28/22 24137462119001255638250 Card 2272Merchant Category Code: 5812,28.01,,4195.15,2272,P,Food/Entertainment,N,,,,
04-29-2022,,Withdrawal DEBIT CARD/COTHRONS SAFE AND LOCK - ROUND ROCK TX Date 04/27/22 24122592118018013715719 Card 2272Merchant Category Code: 7399,18.49,,4223.16,2272,B,Supplies,N,,,,
04-29-2022,,Uncollected Fee/Due since 04/28/22 - Courtesy Pay-Dbt,34.00,,4241.65,NA,B,Fee,N,,,,
04-29-2022,,Uncollected Fee/Due since 04/28/22 - Courtesy Pay-ACH,34.00,,4275.65,NA,B,Fee,N,,,,
04-29-2022,,Uncollected Fee/Due since 04/28/22 - Courtesy Pay-Dbt,34.00,,4309.65,NA,B,Fee,N,,,,
04-29-2022,,Uncollected Fee/Due since 04/28/22 - Courtesy Pay-Dbt,34.00,,4343.65,NA,B,Fee,N,,,,
04-29-2022,,Uncollected Fee/Due since 04/28/22 - Courtesy Pay-Dbt,34.00,,4377.65,NA,B,Fee,N,,,,
04-29-2022,,Uncollected Fee/Due since 04/28/22 - Courtesy Pay-Dbt,34.00,,4411.65,NA,B,Fee,N,,,,
04-29-2022,,Uncollected Fee/Due since 04/27/22 - Courtesy Pay-Dbt,34.00,,4445.65,NA,B,Fee,N,,,,
04-29-2022,,Uncollected Fee/Due since 04/27/22 - Courtesy Pay-Dbt,34.00,,4479.65,NA,B,Fee,N,,,,
04-29-2022,,Uncollected Fee/Due since 04/27/22 - Courtesy Pay-ACH,34.00,,4513.65,NA,B,Fee,N,,,,
04-29-2022,,Uncollected Fee/Due since 04/27/22 - Courtesy Pay-ACH,34.00,,4547.65,NA,B,Fee,N,,,,
04-28-2022,,Withdrawal POS #211814084258/POS SHELL SERVICE STATION AUSTIN TX Card 2272 Merchant Category Code: 5542,54.18,,4581.65,2272,B,Gas,N,,,,
04-28-2022,,Deposit Reconciled 0000031,,0.00,0.00,,,,no,,,,
04-28-2022,,"Deposit Bulk/Checks 5,980.17 Check Count 3 Deposit Number 0000031",,5980.17,4635.83,,,,no,,,,
04-28-2022,,Uncollected Fee of $34.00 is Due,,0.00,0.00,,,,no,,,,
04-28-2022,,Courtesy Pay-Dbt,,0.00,-1344.34,,,,no,,,,
04-28-2022,,Withdrawal POS #211811176159/POS QT 4143 CEDAR PARK TX Card 4969 Merchant Category Code: 5542,74.70,,-1344.34,4969,B,Gas,N,,,,
04-28-2022,,Uncollected Fee of $34.00 is Due,,0.00,0.00,,,,no,,,,
04-28-2022,,Courtesy Pay-ACH,,0.00,-1269.64,,,,no,,,,
04-28-2022,,Withdrawal ACH ATMOS ENERGY RCR/TYPE: UTIL PYMT ID: 9000000091 CO: ATMOS ENERGY RCR NAME: MARTHA HERNANDEZ,78.86,,-1269.64,0001,P,Utilities,N,,,,
04-28-2022,,Uncollected Fee of $34.00 is Due,,0.00,0.00,,,,no,,,,
04-28-2022,,Courtesy Pay-Dbt,,0.00,-1190.78,,,,no,,,,
04-28-2022,,Withdrawal DEBIT CARD/POPEYES 11676 / 308 AUSTIN TX Date 04/27/22 24231682118400000107828 Card 2272Merchant Category Code: 5814,38.42,,-1190.78,2272,P,Food/Entertainment,N,,,,
04-28-2022,,Uncollected Fee of $34.00 is Due,,0.00,0.00,,,,no,,,,
04-28-2022,,Courtesy Pay-Dbt,,0.00,-1152.36,,,,no,,,,
04-28-2022,,Withdrawal POS #211884011800/POS 7-ELEVEN 36630 7844 BURNET RD AUSTIN TX Card 2675Merchant Category Code: 5542,54.55,,-1152.36,2675,B,Gas,N,,,,
04-28-2022,,Uncollected Fee of $34.00 is Due,,0.00,0.00,,,,no,,,,
04-28-2022,,Courtesy Pay-Dbt,,0.00,-1097.81,,,,no,,,,
04-28-2022,,Withdrawal DEBIT CARD/CHEVRON 0309325 AUSTIN TX Date 04/28/22 24692162118100143622106 Card 2272Merchant Category Code: 5541,4.18,,-1097.81,2272,B,Gas,N,,,,
04-28-2022,,Uncollected Fee of $34.00 is Due,,0.00,0.00,,,,no,,,,
04-28-2022,,Courtesy Pay-Dbt,,0.00,-1093.63,,,,no,,,,
04-28-2022,,Withdrawal DEBIT CARD/H-E-B #265 CEDAR PARK TX Date 04/27/22 24427332117740280711857 Card 4969Merchant Category Code: 5411,118.58,,-1093.63,4969,P,Groceries,N,,,,
04-27-2022,,Uncollected Fee of $34.00 is Due,,0.00,0.00,,,,no,,,,
04-27-2022,,Courtesy Pay-Dbt,,0.00,-975.05,,,,no,,,,
04-27-2022,,Withdrawal Bill Payment #211721026828/BP FORTIVA 855-802-5572 GA Card 4969 Merchant Category Code: 6051,43.85,,-975.05,4969,B,Loan,N,,,,
04-27-2022,,Uncollected Fee of $34.00 is Due,,0.00,0.00,,,,no,,,,
04-27-2022,,Courtesy Pay-Dbt,,0.00,-931.20,,,,no,,,,
04-27-2022,,Withdrawal POS #211700337906/POS 7-ELEVEN 2820 S Lamar US Austin TX Card 2675 Merchant Category Code: 5542,17.45,,-931.20,2675,B,Gas,N,,,,
04-27-2022,,Uncollected Fee of $34.00 is Due,,0.00,0.00,,,,no,,,,
04-27-2022,,Courtesy Pay-ACH,,0.00,-913.75,,,,no,,,,
04-27-2022,,Withdrawal ACH ATT/TYPE: Payment ID: 9864031004 CO: ATT,732.91,,-913.75,NA,B,Internet,N,,,,
04-27-2022,,Uncollected Fee of $34.00 is Due,,0.00,0.00,,,,no,,,,
04-27-2022,,Courtesy Pay-ACH,,0.00,-180.84,,,,no,,,,
04-27-2022,,Withdrawal ACH ALLY/TYPE: ALLY PAYMT ID: 9833122002 CO: ALLY,509.98,,-180.84,NA,B,Bills,N,,,,
04-27-2022,,Withdrawal DEBIT CARD/COTHRONS SAFE AND LOCK - AUSTIN TX Date 04/25/22 24122592116018013680220 Card 2272Merchant Category Code: 7399,15.46,,329.14,2272,B,Supplies,N,,,,
04-27-2022,,Uncollected Fee/Due since 04/26/22 - Courtesy Pay-Dbt,34.00,,344.60,NA,B,Fee,N,,,,
04-27-2022,,Uncollected Fee/Due since 04/26/22 - Courtesy Pay-Dbt,34.00,,378.60,NA,B,Fee,N,,,,
04-27-2022,,Uncollected Fee/Due since 04/26/22 - Overdrawn ACH,34.00,,412.60,NA,B,Fee,N,,,,
04-27-2022,,Uncollected Fee/Due since 04/26/22 - Overdrawn ACH,34.00,,446.60,NA,B,Fee,N,,,,
04-27-2022,,Uncollected Fee/Due since 04/26/22 - Courtesy Pay-ACH,34.00,,480.60,NA,B,Fee,N,,,,
04-27-2022,,Uncollected Fee/Due since 04/26/22 - Courtesy Pay-Dbt,34.00,,514.60,NA,B,Fee,N,,,,
04-27-2022,,Uncollected Fee/Due since 04/26/22 - Courtesy Pay-Dbt,34.00,,548.60,NA,B,Fee,N,,,,
04-27-2022,,Uncollected Fee/Due since 04/26/22 - Courtesy Pay-Dbt,34.00,,582.60,NA,B,Fee,N,,,,
04-27-2022,,Uncollected Fee/Due since 04/26/22 - Courtesy Pay-Dbt,34.00,,616.60,NA,B,Fee,N,,,,
04-27-2022,,Uncollected Fee/Due since 04/26/22 - Courtesy Pay-Dbt,34.00,,650.60,NA,B,Fee,N,,,,
04-27-2022,,Uncollected Fee/Due since 04/26/22 - Courtesy Pay-Dbt,34.00,,684.60,NA,B,Fee,N,,,,
04-27-2022,,Uncollected Fee/Due since 04/26/22 - Courtesy Pay-Dbt,34.00,,718.60,NA,B,Fee,N,,,,
04-27-2022,,Uncollected Fee/Due since 04/26/22 - Courtesy Pay-Dbt,34.00,,752.60,NA,B,Fee,N,,,,
04-27-2022,,Uncollected Fee/Due since 04/26/22 - Courtesy Pay-Dbt,34.00,,786.60,NA,B,Fee,N,,,,
04-27-2022,,Uncollected Fee/Due since 04/25/22 - Courtesy Pay-Ck,34.00,,820.60,NA,B,Fee,N,,,,
04-26-2022,,Withdrawal POS #211635765834/POS NNT LAKE LINE FOOD 831229 1075 N LINE BLVD 1 CEDAR PARK TX Card 2272Merchant Category Code: 5999,24.01,,854.60,2272,P,Food/Entertainment,N,,,,
04-26-2022,,Withdrawal ATM Fee/ATM Wells Fargo Ban 920 N Lakeline Blvd Cedar Park TX Card 2272Merchant Category Code: 6011,1.00,,878.61,2272,B,Withdrawal,N,,,,
04-26-2022,,Withdrawal at ATM #211609405671/ATM Wells Fargo Ban 920 N Lakeline Blvd Cedar Park TX Card 2272Merchant Category Code: 6011,403.00,,879.61,2272,B,Withdrawal,N,,,,
04-26-2022,,Deposit Transfer From Share 00/Funds Transfer via Online,,3000.00,1282.61,,,,no,,,,
04-26-2022,,Uncollected Fee of $34.00 is Due,,0.00,0.00,,,,no,,,,
04-26-2022,,Courtesy Pay-Dbt,,0.00,-1717.39,,,,no,,,,
04-26-2022,,Withdrawal DEBIT CARD/VIVINT INC/US 800-216-5232 UT Date 04/26/22 24430992116083334367500 Card 4969Merchant Category Code: 7393,61.13,,-1717.39,4969,B,Utilities,N,,,,
04-26-2022,,Uncollected Fee of $34.00 is Due,,0.00,0.00,,,,no,,,,
04-26-2022,,Courtesy Pay-Dbt,,0.00,-1656.26,,,,no,,,,
04-26-2022,,Withdrawal POS #211600921470/POS 7-ELEVEN 3625 Bee Cave Rd US Austin Card 2675 Merchant Category Code: 5542,40.35,,-1656.26,2675,B,Gas,N,,,,
04-26-2022,,Uncollected Fee of $34.00 is Due,,0.00,0.00,,,,no,,,,
04-26-2022,,Overdrawn ACH/IRS,,0.00,-1615.91,,,,no,,,,
04-26-2022,,Uncollected Fee of $34.00 is Due,,0.00,0.00,,,,no,,,,
04-26-2022,,Overdrawn ACH/IRS,,0.00,-1615.91,,,,no,,,,
04-26-2022,,Uncollected Fee of $34.00 is Due,,0.00,0.00,,,,no,,,,
04-26-2022,,Courtesy Pay-ACH,,0.00,-1615.91,,,,no,,,,
04-26-2022,,Withdrawal ACH CITI CARD ONLINE/TYPE: PAYMENT ID: CITICTP CO: CITI CARD ONLINE NAME: MARTHA G HERNANDEZ,928.10,,-1615.91,0001,B,Bills,N,,,,
04-26-2022,,Uncollected Fee of $34.00 is Due,,0.00,0.00,,,,no,,,,
04-26-2022,,Courtesy Pay-Dbt,,0.00,-687.81,,,,no,,,,
04-26-2022,,Withdrawal DEBIT CARD/WHATABURGER 417 Q26 CEDAR PARK TX Date 04/24/22 24692162116100421691080 Card 4969Merchant Category Code: 5814,20.81,,-687.81,4969,P,Food/Entertainment,N,,,,
04-26-2022,,Uncollected Fee of $34.00 is Due,,0.00,0.00,,,,no,,,,
04-26-2022,,Courtesy Pay-Dbt,,0.00,-667.00,,,,no,,,,
04-26-2022,,Withdrawal DEBIT CARD/JIMMY JOHNS - 832 AUSTIN TX Date 04/25/22 24269792116000952877511 Card 0718Merchant Category Code: 5814,35.97,,-667.00,0718,P,Food/Entertainment,N,,,,
04-26-2022,,Uncollected Fee of $34.00 is Due,,0.00,0.00,,,,no,,,,
04-26-2022,,Courtesy Pay-Dbt,,0.00,-631.03,,,,no,,,,
04-26-2022,,Withdrawal DEBIT CARD/WALGREENS #7061 CEDAR PARK TX Date 04/25/22 24445002116000710478231 Card 0001Merchant Category Code: 5912,38.26,,-631.03,0001,P,Health,N,,,,
04-26-2022,,Uncollected Fee of $34.00 is Due,,0.00,0.00,,,,no,,,,
04-26-2022,,Courtesy Pay-Dbt,,0.00,-592.77,,,,no,,,,
04-26-2022,,Withdrawal DEBIT CARD/H-E-B #265 CEDAR PARK TX Date 04/25/22 24427332115740274252902 Card 4969Merchant Category Code: 5411,150.92,,-592.77,4969,P,Groceries,N,,,,
04-26-2022,,Uncollected Fee of $34.00 is Due,,0.00,0.00,,,,no,,,,
04-26-2022,,Courtesy Pay-Dbt,,0.00,-441.85,,,,no,,,,
04-26-2022,,Withdrawal DEBIT CARD/EL RINCONCITO SALVADORENO AUSTIN TX Date 04/24/22 24036282115017012745269 Card 2272Merchant Category Code: 5814,4.33,,-441.85,2272,P,Food/Entertainment,N,,,,
04-26-2022,,Uncollected Fee of $34.00 is Due,,0.00,0.00,,,,no,,,,
04-26-2022,,Courtesy Pay-Dbt,,0.00,-437.52,,,,no,,,,
04-26-2022,,Withdrawal DEBIT CARD/EL RINCONCITO SALVADORENO AUSTIN TX Date 04/24/22 24036282115017012745582 Card 2272Merchant Category Code: 5814,66.83,,-437.52,2272,P,Food/Entertainment,N,,,,
04-26-2022,,Uncollected Fee of $34.00 is Due,,0.00,0.00,,,,no,,,,
04-26-2022,,Courtesy Pay-Dbt,,0.00,-370.69,,,,no,,,,
04-26-2022,,Withdrawal POS #211521831334/POS H-E-B #024 AUSTIN TX Card 2272 Merchant Category Code: 5411,30.81,,-370.69,2272,P,Groceries,N,,,,
04-26-2022,,Uncollected Fee of $34.00 is Due,,0.00,0.00,,,,no,,,,
04-26-2022,,Courtesy Pay-Dbt,,0.00,-339.88,,,,no,,,,
04-26-2022,,Withdrawal DEBIT CARD/JIFFY LUBE 3036 AUSTIN TX Date 04/25/22 24231682115837000606890 Card 2675Merchant Category Code: 7538,113.71,,-339.88,2675,B,Car Maintenance,N,,,,
04-26-2022,,Uncollected Fee of $34.00 is Due,,0.00,0.00,,,,no,,,,
04-26-2022,,Courtesy Pay-Dbt,,0.00,-226.17,,,,no,,,,
04-26-2022,,Withdrawal DEBIT CARD/USCRAFT LLC LOS ANGELES CA Date 04/25/22 24231682115200000208383 Card 2272Merchant Category Code: 5399,193.00,,-226.17,2272,B,Supplies,N,,,,
04-25-2022,,Uncollected Fee of $34.00 is Due,,0.00,0.00,,,,no,,,,
04-25-2022,,Courtesy Pay-Ck,,0.00,-33.17,,,,no,,,,
04-25-2022,50131,Check 50131 Tracer 815100000338681,1742.35,,-33.17,Check,,,N,,,,
04-25-2022,,Deposit Transfer From Loan 00,,112.19,1709.18,,,,no,,,,
04-25-2022,2515,Check 2515 Tracer 815100000338687,2700.00,,1596.99,Check,,,N,,,,
04-25-2022,2514,Check 2514 Tracer 815100000338688,2700.00,,4296.99,Check,,,N,,,,
04-25-2022,,Withdrawal DEBIT CARD/FWB CEDAR PARK 512-428-6802 TX Date 04/25/22 24692162115100907257928 Card 4969Merchant Category Code: 5814,37.84,,6996.99,4969,,,N,,,,
04-25-2022,,Withdrawal DEBIT CARD/PAYPAL *HITECHPOWER HIT 402-935-7733 CA Date 04/24/22 24492152114894680906180 Card 4969Merchant Category Code: 4816,718.75,,7034.83,4969,B,Pressure Wash,N,,,,
04-25-2022,,Withdrawal DEBIT CARD/M VINCE NAIL SPA AUSTIN TX Date 04/24/22 24829042114900018108535 Card 0001Merchant Category Code: 7230,198.00,,7753.58,0001,P,Nails,N,,,,
04-25-2022,,Withdrawal ACH KRISTY R. CORTEZ/TYPE: SALE ID: 9215986202 CO: KRISTY R. CORTEZ,605.00,,7951.58,NA,B,Kristy,N,,,,
04-25-2022,,Withdrawal DEBIT CARD/COTHRONS SAFE AND LOCK - AUSTIN TX Date 04/22/22 24122592114018014406429 Card 2272Merchant Category Code: 7399,138.55,,8556.58,2272,B,Supplies,N,,,,
04-25-2022,,Withdrawal POS #211500074960/POS 7-ELEVEN 1870 S. Bagdad Roa US TX Card 2675Merchant Category Code: 5542,59.18,,8695.13,2675,B,Gas,N,,,,
04-24-2022,,Withdrawal DEBIT CARD/REID'S LAUNDRY & DRY # 3 AUSTIN TX Date 04/23/22 24275472114170302066744 Card 2272Merchant Category Code: 7210,35.99,,8754.31,2272,P,Dry Cleaning,N,,,,
04-24-2022,,Withdrawal DEBIT CARD/SQ *SANA VIDA WELLNESS CE gosq.com TX Date 04/24/22 24692162114100321191720 Card 4969Merchant Category Code: 8011,149.00,,8790.30,4969,P,Health,N,,,,
04-24-2022,,Withdrawal POS #211416550154/POS WALGREENS STORE 905 CRYST LEANDER TX Card 4969 Merchant Category Code: 5912,22.32,,8939.30,4969,P,Health,N,,,,
04-24-2022,,Withdrawal DEBIT CARD/TST* Mighty Fine Burgers Cedar Park TX Date 04/23/22 24692162114100903609339 Card 0001Merchant Category Code: 5812,48.05,,8961.62,0001,P,Food/Entertainment,N,,,,
04-23-2022,,Withdrawal DEBIT CARD/PAYPAL *HITECHPOWER HITEC 402-935-7733 Date 04/22/22 24492152113852606984922 Card 4969Merchant Category Code: 4816,3000.00,,9009.67,4969,B,Pressure Wash,N,,,,
04-23-2022,,Withdrawal POS #211314912249/POS H-E-B GAS/CARWASH #659 AUSTIN TX Card 0001 Merchant Category Code: 5542,53.33,,12009.67,0001,B,Gas,N,,,,
04-23-2022,2508,Check 2508 Tracer 814900000283001,892.50,,12063.00,Check,,,N,,,,
04-23-2022,,Withdrawal POS #211330323801/POS NST THE HOME DEPOT 001012 3600 RM SOUTH BEE CAVES TX Card 2272Merchant Category Code: 5200,28.11,,12955.50,2272,B,Supplies,N,,,,
04-23-2022,,Withdrawal POS #211353274500/POS 7-ELEVEN 36596 1801 S LAKELINE BLVD CEDAR PARK TX Card 2272Merchant Category Code: 5542,40.04,,12983.61,2272,B,Gas,N,,,,
04-23-2022,,Withdrawal POS #211310979150/POS H-E-B GAS #451 AUSTIN TX Card 0718 Merchant Category Code: 5542,60.68,,13023.65,0718,B,Gas,N,,,,
04-23-2022,,Withdrawal Bill Payment #211326100185/BP CULLIGAN/ULTRAPURE WAT 507-200-0820 Card 2272 Merchant Category Code: 4900,306.94,,13084.33,2272,P,Bills,N,,,,
04-23-2022,,Withdrawal DEBIT CARD/VIVINT INC/US 800-216-5232 UT Date 04/23/22 24430992113083751197631 Card 4969Merchant Category Code: 7393,39.48,,13391.27,4969,B,Bills,N,,,,
04-23-2022,,Withdrawal DEBIT CARD/PAYPAL *HITECHPOWER HITEC 402-935-7733 Date 04/22/22 24492152112852587090013 Card 4969Merchant Category Code: 4816,212.50,,13430.75,4969,B,Pressure Wash,N,,,,
04-23-2022,,Withdrawal DEBIT CARD/SALTGRASS AUSTIN AUSTIN TX Date 04/22/22 24943002113207688500066 Card 0001Merchant Category Code: 5812,298.66,,13643.25,0001,P,Food/Entertainment,N,,,,
04-23-2022,,Withdrawal DEBIT CARD/THE CROMEENS LAW FIRM HOUSTON TX Date 04/22/22 24559302112900011478626 Card 2272Merchant Category Code: 8111,360.00,,13941.91,2272,B,Law,N,,,,
04-23-2022,,Withdrawal DEBIT CARD/CITY OF CEDAR PARK 512-4015000 TX Date 04/22/22 24755422112641125369586 Card 0001Merchant Category Code: 4900,125.39,,14301.91,0001,P,Utilities,N,,,,
04-23-2022,,Withdrawal DEBIT CARD/PRO SERVE ENTERPRISE AUSTIN TX Date 04/21/22 24251382112030051232304 Card 2272Merchant Category Code: 2842,131.07,,14427.30,2272,B,Supplies,N,,,,
04-23-2022,,Withdrawal DEBIT CARD/KIM PAPER 512-973-0808 TX Date 04/21/22 24707802112030045671044 Card 2272Merchant Category Code: 7349,2575.56,,14558.37,2272,B,Supplies,N,,,,
04-23-2022,,Withdrawal POS #211351762553/POS NNT LAKE LINE FOOD 001523 1075 N LINE BLVD 1 CEDAR PARK TX Card 2272Merchant Category Code: 5999,27.35,,17133.93,2272,P,Food/Entertainment,N,,,,
04-23-2022,,Withdrawal DEBIT CARD/EL POLLO RICO 9 CEDAR PARK TX Date 04/21/22 24013392112002357405262 Card 2272Merchant Category Code: 5812,27.49,,17161.28,2272,P,Food/Entertainment,N,,,,
04-22-2022,2513,Check 2513 Tracer 814800000590827,3250.00,,17188.77,Check,,,N,,,,
04-22-2022,2488,Check 2488 Tracer 814800000590979,2400.00,,20438.77,Check,,,N,,,,
04-22-2022,,Withdrawal POS #211200295615/POS 7-ELEVEN 11643 RESEARCH BLV AUSTIN Card 0001 Merchant Category Code: 5541,32.03,,22838.77,0001,B,Gas,N,,,,
04-22-2022,,Withdrawal POS #211298815701/POS NST THE HOME DEPOT 001353 2700 WHITESTONE BLVD CEDAR PARK TX Card 2272Merchant Category Code: 5200,10.80,,22870.80,2272,B,Supplies,N,,,,
04-22-2022,,Withdrawal Adjustment POS #211258620801/POS NST THE HOME DEPOT 000491 2700 WHITESTONE BLVD CEDAR PARK TX Card 2272Merchant Category Code: 5200,,21.59,22881.60,,,,no,,,,
04-22-2022,,Withdrawal DEBIT CARD/DD DOORDASH BLAZEPIZZ 855-973-1040 CA Date 04/22/22 24492152112743851672851 Card 4969Merchant Category Code: 5812,72.64,,22860.01,4969,P,Food/Entertainment,N,,,,
04-22-2022,,Withdrawal Bill Payment #211226898009/BP SYNCB PAYMENT 800-613-9545 GA Card 0001 Merchant Category Code: 6012,354.00,,22932.65,0001,,Bills,N,,,,
04-22-2022,,Withdrawal POS #211215560201/POS NST THE HOME DEPOT 002602 11301 LAKELINE RD AUSTIN TX Card 2272Merchant Category Code: 5200,49.70,,23286.65,2272,B,Supplies,N,,,,
04-22-2022,,Deposit Reconciled 0000088,,0.00,0.00,,,,no,,,,
04-22-2022,,"Deposit Bulk/Checks 16,133.98 Check Count 1 Deposit Number 0000088",,16133.98,23336.35,,,,no,,,,
04-22-2022,,Withdrawal POS #211200832361/POS 7-ELEVEN 6111 BEE CAVE RD AUSTIN TX Card 2272 Merchant Category Code: 5541,13.70,,7202.37,2272,B,Gas,N,,,,
04-22-2022,,Deposit ACH Texas Windstrom/TYPE: PAYABLES ID: 2746189303 DATA: DYNAMICS EFT DEPOSIT CO: Texas Windstrom,,684.36,7216.07,,,,no,,,,
04-22-2022,,Withdrawal DEBIT CARD/PIZZA HUT #1961 https://ipcha TX Date 04/21/22 24943002112400818000666 Card 4969Merchant Category Code: 5812,18.51,,6531.71,4969,P,Food/Entertainment,N,,,,
04-22-2022,,Withdrawal POS #211215643022/POS AT&T G9TG 176553 WEST LAKE H TX Card 4969 Merchant Category Code: 4814,164.76,,6550.22,4969,P,Phone,N,,,,
04-22-2022,,Withdrawal POS #211215402676/POS AT&T G9TG 176553 WEST LAKE H TX Card 0001 Merchant Category Code: 4814,266.51,,6714.98,0001,P,Phone,N,,,,
04-22-2022,,Withdrawal POS #211200817353/POS 7-ELEVEN 1870 S. Bagdad Roa Leander Card 4969 Merchant Category Code: 5542,74.12,,6981.49,4969,B,Gas,N,,,,
04-22-2022,,Withdrawal ACH DISCOVER BANK/TYPE: PREARRANGE ID: 6510020271 DATA: DC FINOUT DPLSVCPAY CO: DISCOVER BANK,656.20,,7055.61,NA,B,Bills,N,,,,
04-21-2022,,Withdrawal POS #211100361684/POS 7-ELEVEN 6111 BEE CAVE RD AUSTIN TX Card 0718 Merchant Category Code: 5541,5.41,,7711.81,0718,B,Gas,N,,,,
04-21-2022,,Withdrawal POS #211117831135/POS H-E-B #029 W LAKE HILLS TX Card 0718 Merchant Category Code: 5411,201.36,,7717.22,0718,B,Groceries,N,,,,
04-21-2022,,Withdrawal DEBIT CARD/DD DOORDASH POPEYES 855-973-1040 CA Date 04/21/22 24492152111743719292729 Card 4969Merchant Category Code: 5812,22.02,,7918.58,4969,P,Food/Entertainment,N,,,,
04-21-2022,,Withdrawal POS #211101527101/POS NST THE HOME DEPOT 002295 11301 LAKELINE RD AUSTIN TX Card 2272Merchant Category Code: 5200,82.16,,7940.60,2272,B,Supplies,N,,,,
04-21-2022,,Withdrawal POS #211115600349/POS CIRCLE K #2741052 SAN ANTONIO TX Card 2675 Merchant Category Code: 5542,74.00,,8022.76,2675,B,Gas,N,,,,
04-21-2022,,Withdrawal POS #5EKFQJN3B99J/POS AMAZON.COM*1Q1TX9LA1 SEATTLE WA Card 0718 Merchant Category Code: 4816,92.84,,8096.76,0718,B,Supplies,N,,,,
04-21-2022,2512,Check 2512 Tracer 814700000209001,1442.50,,8189.60,Check,,,N,,,,
04-21-2022,,Withdrawal DEBIT CARD/TIFF'S TREATS 512-614-3200 TX Date 04/20/22 24692162111100628068251 Card 0718Merchant Category Code: 5462,55.26,,9632.10,0718,P,Food/Entertainment,N,,,,
04-21-2022,,Withdrawal ACH *LINCOLN NATLIFE/TYPE: PREMPAYMNT ID: 3504728231 DATA: 0018400TER CO: *LINCOLN NATLIFE,316.91,,9687.36,NA,B,Insurance,N,,,,
04-21-2022,,Withdrawal POS #211128920901/POS NST THE HOME DEPOT 000176 2700 WHITESTONE BLVD CEDAR PARK TX Card 2272Merchant Category Code: 5200,39.41,,10004.27,2272,B,Supplies,N,,,,
04-21-2022,,Withdrawal DEBIT CARD/LUPE TORTILLA #15 AUSTIN TX Date 04/20/22 24257612110900992900977 Card 0001Merchant Category Code: 5812,375.84,,10043.68,0001,P,Food/Entertainment,N,,,,
04-21-2022,,Withdrawal DEBIT CARD/MCW308-WHITESTONE CEDAR PARK TX Date 04/20/22 24071052110939108845224 Card 0001Merchant Category Code: 7542,20.00,,10419.52,0001,,,N,,,,
04-21-2022,,Withdrawal DEBIT CARD/LOC CITIZENS*PMT1OF0 401-2825259 CT Date 04/19/22 24638572110016023129985 Card 0001Merchant Category Code: 6012,133.34,,10439.52,0001,B,Bills,N,,,,
04-20-2022,,Withdrawal POS #211100755707/POS WALGREENS STORE 905 CRYST LEANDER TX Card 4969 Merchant Category Code: 5912,112.74,,10572.86,4969,P,Health,N,,,,
04-20-2022,,Withdrawal POS #211100755494/POS WALGREENS STORE 905 CRYST LEANDER TX Card 4969 Merchant Category Code: 5912,74.99,,10685.60,4969,P,Health,N,,,,
04-20-2022,50130,Check 50130 Tracer 814600000328130,277.05,,10760.59,Check,,,N,,,,
04-20-2022,,Withdrawal Transfer To Share 00/payroll,6000.00,,11037.64,NA,B,Transfer,N,,,,
04-20-2022,,Deposit ACH ACCENTURE LLP/TYPE: PAYMENTS ID: 8975729001 CO: ACCENTURE LLP,,12443.34,17037.64,,,,no,,,,
04-20-2022,2507,Check 2507 Tracer 814600000260001,2450.00,,4594.30,Check,,,N,,,,
04-20-2022,,Withdrawal POS #211012732398/POS MURPHY EXPRESS 8614 CEDAR PARK TX Card 2675 Merchant Category Code: 5541,51.00,,7044.30,2675,,,N,,,,
04-20-2022,,Deposit Reconciled 0000022,,0.00,0.00,,,,no,,,,
04-20-2022,,"Deposit Bulk/Checks 4,330.00 Check Count 1 Deposit Number 0000022",,4330.00,7095.30,,,,no,,,,
04-20-2022,,Withdrawal at ATM #211000007993/ATM RBFCU 1110 N. BELL BLVD BLDG AUSTIN Card 4969 Merchant Category Code: 6011,260.00,,2765.30,4969,P,Withdrawal,N,,,,
04-20-2022,,Withdrawal ACH ALLSTATE INS CO/TYPE: INS PREM ID: 1360719665 DATA: ACH.EZPR02010 Q CO: ALLSTATE INS NAME: HERNANDEZ,86.03,,3025.30,NA,B,Insurance,N,,,,
04-20-2022,,Withdrawal DEBIT CARD/H-E-B #265 CEDAR PARK TX Date 04/19/22 24427332109740273687635 Card 4969Merchant Category Code: 5411,136.69,,3111.33,4969,P,Groceries,N,,,,
04-20-2022,,Withdrawal DEBIT CARD/LEANDER EXPRESS LUBE LEANDER TX Date 04/19/22 24692162110100495240380 Card 4969Merchant Category Code: 7538,18.50,,3248.02,4969,P,Car Maintenance,N,,,,
04-20-2022,,Withdrawal DEBIT CARD/WILLIAMSON CO SVC FEE CARROLLTON TX Date 04/19/22 24207852109202200005855 Card 4969Merchant Category Code: 9399,1.64,,3266.52,4969,P,Utilities,N,,,,
04-20-2022,,Withdrawal DEBIT CARD/WILLIAMSON COUNTY VEH REG GEORGETOWN TX Date 04/19/22 24207852109202200001714 Card 4969Merchant Category Code: 9399,76.25,,3268.16,4969,P,Utilities,N,,,,
04-19-2022,2511,Check 2511 Tracer 814500000494382,3405.50,,3344.41,Check,,,N,,,,
04-19-2022,2509,Check 2509 Tracer 814500000493930,750.00,,6749.91,Check,,,N,,,,
04-19-2022,,Withdrawal DEBIT CARD/CHEVRON 0155648 AUSTIN TX Date 04/19/22 24692162109100215894618 Card 2675Merchant Category Code: 5542,38.99,,7499.91,2675,B,Gas,N,,,,
04-19-2022,,Withdrawal DEBIT CARD/EL POLLO RICO 9 CEDAR PARK TX Date 04/18/22 24013392109002018068546 Card 4969Merchant Category Code: 5812,37.00,,7538.90,4969,P,Food/Entertainment,N,,,,
04-19-2022,,Withdrawal DEBIT CARD/IN N OUT BURGER 294 CEDAR PARK TX Date 04/18/22 24013392109002022046280 Card 4969Merchant Category Code: 5814,17.37,,7575.90,4969,P,Food/Entertainment,N,,,,
04-19-2022,,Withdrawal DEBIT CARD/GLORIAS RESTAURANT #11 AUSTIN TX Date 04/18/22 24231682109796424447216 Card 0001Merchant Category Code: 5812,88.78,,7593.27,0001,P,Food/Entertainment,N,,,,
04-19-2022,2506,Check 2506 Tracer 814500000249001,1536.00,,7682.05,Check,,,N,,,,
04-19-2022,,Deposit Reconciled 0000026,,0.00,0.00,,,,no,,,,
04-19-2022,,"Deposit Bulk/Checks 4,910.22 Check Count 1 Deposit Number 0000026",,4910.22,9218.05,,,,no,,,,
04-19-2022,,Withdrawal ACH ALLSTATE INS CO/TYPE: INS PREM ID: 1360719665 DATA: ACH.EZPR02010 S CO: ALLSTATE INS CO,655.76,,4307.83,NA,B,Insurance,N,,,,
04-19-2022,,Withdrawal ACH CAPITAL ONE/TYPE: CRCARDPMT ID: 9541719318 CO: CAPITAL ONE,200.00,,4963.59,NA,B,Loan,N,,,,
04-19-2022,,Withdrawal ACH ALLSTATE INS CO/TYPE: INS PREM ID: 1360719665 DATA: ACH.EZPR02010 S CO: ALLSTATE INS CO,75.73,,5163.59,NA,B,Insurance,N,,,,
04-19-2022,,Withdrawal DEBIT CARD/PAYPAL *HITECHPOWER HITEC 402-935-7733 Date 04/18/22 24492152108852356960087 Card 2272Merchant Category Code: 4816,196.56,,5239.32,2272,B,Pressure Wash,N,,,,
04-19-2022,,Withdrawal DEBIT CARD/PAYPAL *HITECHPOWER HITEC 402-935-7733 Date 04/18/22 24492152108852356806934 Card 2272Merchant Category Code: 4816,159.37,,5435.88,2272,B,Pressure Wash,N,,,,
04-18-2022,2505,Check 2505 Tracer 814400000447783,1410.00,,5595.25,Check,,,N,,,,
04-18-2022,2504,Check 2504 Tracer 814400000447781,2800.00,,7005.25,Check,,,N,,,,
04-18-2022,,Withdrawal DEBIT CARD/RANDALLS #3145 LEANDER TX Date 04/17/22 24231682108837001207325 Card 4969Merchant Category Code: 5411,89.42,,9805.25,4969,P,Groceries,N,,,,
04-18-2022,,Withdrawal Transfer To Loan 00,200.00,,9894.67,NA,B,Transfer,N,,,,
04-18-2022,,Deposit Transfer From Share 00/Funds Transfer via Online,,6000.00,10094.67,,,,no,,,,
04-18-2022,,Withdrawal ACH AMEX EPAYMENT/TYPE: ACH PMT ID: 0005000008 DATA: ER AM CO: AMEX EPAYMENT,449.00,,4094.67,NA,B,Bills,N,,,,
04-18-2022,,Withdrawal ACH CHASE CREDIT CRD/TYPE: EPAY ID: 5760039224 CO: CHASE CREDIT CRD NAME: ARACELI VAZQUEZ,200.00,,4543.67,NA,P,Bills,N,,,,
04-18-2022,,Withdrawal ACH INTUIT 17455225/TYPE: TRAN FEE ID: 9215986202 CO: INTUIT 17455225,135.66,,4743.67,NA,B,Fee,N,,,,
04-18-2022,,Withdrawal ACH ATT/TYPE: Payment ID: 9864031004 CO: ATT,80.00,,4879.33,NA,B,Withdrawal,N,,,,
04-18-2022,,Withdrawal ACH HOME DEPOT/TYPE: AUTO PYMT ID: CITIAUTFDR CO: HOME DEPOT,29.00,,4959.33,Na,B,Bills,N,,,,
04-18-2022,,Deposit ACH INTUIT 54416965/TYPE: DEPOSIT ID: 9215986202 CO: INTUIT 54416965,,3975.21,4988.33,,,,no,,,,
04-17-2022,,Withdrawal DEBIT CARD/China Cafe Austin TX Date 04/16/22 24744552107240001113567 Card 2272Merchant Category Code: 5812,43.93,,1013.12,2272,P,Food/Entertainment,N,,,,
04-17-2022,,Withdrawal DEBIT CARD/TAMU NEW STUDENT CONFE 979-845-5209 TX Date 04/17/22 24692162107100240462375 Card 0718Merchant Category Code: 8220,153.00,,1057.05,0718,P,Lynn,N,,,,
04-17-2022,,Withdrawal DEBIT CARD/SP NINABERENATO 917-2025034 TX Date 04/16/22 24492162107000001255178 Card 4969Merchant Category Code: 5944,75.78,,1210.05,4969,P,,N,,,,
04-16-2022,,Recurring Withdrawal DEBIT CARD/SMALLSFORSMALLS.COM SMALLS.COM NY Date 04/16/22 24492162106000028997126 Card 0718Merchant Category Code: 5499,342.00,,1285.83,0718,P,Cat Food,N,,,,
04-16-2022,2510,Check 2510 Tracer 814200000219001,2740.00,,1627.83,Check,,,N,,,,
04-16-2022,,Withdrawal DEBIT CARD/CITY OF SAN ANTONIO 210-207-1111 TX Date 04/16/22 24692162106100771576982 Card 4969Merchant Category Code: 9399,121.14,,4367.83,4969,P,Utilities,N,,,,
04-16-2022,,Deposit Reconciled 0000009,,0.00,0.00,,,,no,,,,
04-16-2022,,Withdrawal Cash,900.00,,4488.97,NA,B,Withdrawal,N,,,,
04-16-2022,,Withdrawal DEBIT CARD/TST* ESTANCIA BRAZILIAN S AUSTIN TX Date 04/16/22 24137462106501073673319 Card 2272Merchant Category Code: 5812,1022.50,,5388.97,2272,B,Food/Entertainment,N,,,,
04-16-2022,,Deposit Bulk/Checks 151.55 Check Count 1 Deposit Number 0000009,,151.55,6411.47,,,,no,,,,
04-16-2022,,Withdrawal ATM Fee/ATM ALI01176 1410 W WHITESTONE BLVD PARK TX Card 2272Merchant Category Code: 6011,1.00,,6259.92,2272,B,Withdrawal,N,,,,
04-16-2022,,Withdrawal at ATM #210614308755/ATM ALI01176 1410 W WHITESTONE BLVD PARK TX Card 2272Merchant Category Code: 6011,23.00,,6260.92,2272,B,Withdrawal,N,,,,
04-16-2022,,Withdrawal DEBIT CARD/TARGET 00023424 CEDAR PARK TX Date 04/15/22 24164072106091017119762 Card 4969Merchant Category Code: 5411,167.38,,6283.92,4969,P,Food/Entertainment,N,,,,
04-16-2022,,Withdrawal DEBIT CARD/TEXASGASSERVICE 800-700-2443 OK Date 04/15/22 24492152105745014708497 Card 0718Merchant Category Code: 4900,112.36,,6451.30,0718,B,Utilities,N,,,,
04-16-2022,,Withdrawal DEBIT CARD/H-E-B #265 CEDAR PARK TX Date 04/15/22 24427332105740289789684 Card 4969Merchant Category Code: 5411,224.06,,6563.66,4969,P,Groceries,N,,,,
04-16-2022,,Uncollected Fee/Due since 04/15/22 - Courtesy Pay-Dbt,34.00,,6787.72,NA,B,Fee,N,,,,
04-16-2022,,Uncollected Fee/Due since 04/15/22 - Courtesy Pay-ACH,34.00,,6821.72,NA,B,Fee,N,,,,
04-16-2022,,Uncollected Fee/Due since 04/15/22 - Courtesy Pay-ACH,34.00,,6855.72,NA,B,Fee,N,,,,
04-16-2022,,Uncollected Fee/Due since 04/15/22 - Courtesy Pay-Dbt,34.00,,6889.72,NA,B,Fee,N,,,,
04-16-2022,,Uncollected Fee/Due since 04/15/22 - Courtesy Pay-Dbt,34.00,,6923.72,NA,B,Fee,N,,,,
04-16-2022,,Uncollected Fee/Due since 04/14/22 - Courtesy Pay-Dbt,34.00,,6957.72,NA,B,Fee,N,,,,
04-16-2022,,Uncollected Fee/Due since 04/14/22 - Courtesy Pay-ACH,34.00,,6991.72,NA,B,Fee,N,,,,
04-15-2022,2503,Check 2503 Tracer 814100000519539,1000.00,,7025.72,Check,,,N,,,,
04-15-2022,,Deposit ACH Texas Windstrom/TYPE: PAYABLES ID: 2746189303 DATA: DYNAMICS EFT DEPOSIT CO: Texas Windstrom,,8941.54,8025.72,,,,no,,,,
04-15-2022,,Uncollected Fee of $34.00 is Due,,0.00,0.00,,,,no,,,,
04-15-2022,,Courtesy Pay-Dbt,,0.00,-915.82,,,,no,,,,
04-15-2022,,Withdrawal POS #668453/POS 7-ELEVEN 36609 10800 RESEARCH BLVD AUSTIN TX Card 2675Merchant Category Code: 5542,58.02,,-915.82,2675,B,Gas,N,,,,
04-15-2022,,Uncollected Fee of $34.00 is Due,,0.00,0.00,,,,no,,,,
04-15-2022,,Courtesy Pay-ACH,,0.00,-857.80,,,,no,,,,
04-15-2022,,Withdrawal ACH THE GUARDIAN/TYPE: INSUR PREM ID: 9555845001 CO: THE GUARDIAN,849.54,,-857.80,NA,P,Insurance,N,,,,
04-15-2022,,Uncollected Fee of $34.00 is Due,,0.00,0.00,,,,no,,,,
04-15-2022,,Courtesy Pay-ACH,,0.00,-8.26,,,,no,,,,
04-15-2022,,Withdrawal ACH DISCOVER/TYPE: E-PAYMENT ID: 3510020270 DATA: DC PYMNTS DCIDPIINT CO: DISCOVER,500.00,,-8.26,NA,B,Bills,N,,,,
04-15-2022,,Withdrawal ACH CAPITAL ONE/TYPE: MOBILE PMT ID: 9279744980 CO: CAPITAL ONE,250.00,,491.74,NA,B,Bills,N,,,,
04-15-2022,,Withdrawal ACH ATT/TYPE: Payment ID: 9864031005 CO: ATT,101.29,,741.74,NA,B,Withdrawal,N,,,,
04-15-2022,,Withdrawal ACH ADP PAYROLL FEES/TYPE: ADP - FEES ID: 9659605001 DATA: OT CO: ADP PAYROLL FEES,64.93,,843.03,NA,B,Payroll,N,,,,
04-15-2022,,Withdrawal ACH HUMANA COMPBENEF/TYPE: 7709988936 ID: 2591843760 CO: HUMANA COMPBENEF,50.74,,907.96,NA,B,Insurance,N,,,,
04-15-2022,,Withdrawal ACH INTUIT 07376145/TYPE: TRAN FEE ID: 9215986202 CO: INTUIT 07376145,46.62,,958.70,NA,B,Fee,N,,,,
04-15-2022,,Deposit ACH INTUIT 44447895/TYPE: DEPOSIT ID: 9215986202 CO: INTUIT 44447895,,1363.95,1005.32,,,,no,,,,
04-15-2022,,Uncollected Fee of $34.00 is Due,,0.00,0.00,,,,no,,,,
04-15-2022,,Courtesy Pay-Dbt,,0.00,-358.63,,,,no,,,,
04-15-2022,,Withdrawal DEBIT CARD/PRO SERVE ENTERPRISE 512-326-2811 TX Date 04/13/22 24251382104017025244507 Card 2272Merchant Category Code: 2842,328.56,,-358.63,2272,B,Supplies,N,,,,
04-15-2022,,Uncollected Fee of $34.00 is Due,,0.00,0.00,,,,no,,,,
04-15-2022,,Courtesy Pay-Dbt,,0.00,-30.07,,,,no,,,,
04-15-2022,,Withdrawal DEBIT CARD/PRO SERVE ENTERPRISE 512-326-2811 TX Date 04/13/22 24251382104017025244499 Card 2272Merchant Category Code: 2842,127.85,,-30.07,2272,B,Supplies,N,,,,
04-14-2022,,Deposit Reconciled 0000059,,0.00,0.00,,,,no,,,,
04-14-2022,,"Deposit Bulk/Checks 1,284.28 Check Count 2 Deposit Number 0000059",,1284.28,97.78,,,,no,,,,
04-14-2022,,Uncollected Fee of $34.00 is Due,,0.00,0.00,,,,no,,,,
04-14-2022,,Courtesy Pay-Dbt,,0.00,-1186.50,,,,no,,,,
04-14-2022,,Withdrawal POS #210481053501/POS THE HOME DEPOT #0509 11301 LAKELINE AUSTIN TX Card 2272Merchant Category Code: 5200,107.17,,-1186.50,2272,B,Supplies,N,,,,
04-14-2022,,Uncollected Fee of $34.00 is Due,,0.00,0.00,,,,no,,,,
04-14-2022,,Courtesy Pay-ACH,,0.00,-1079.33,,,,no,,,,
04-14-2022,,Withdrawal ACH AMEX EPAYMENT/TYPE: ACH PMT ID: 0005000008 DATA: ER AM CO: AMEX EPAYMENT,3494.16,,-1079.33,NA,B,Bills,N,,,,
04-14-2022,,Withdrawal ACH FARMERS INS EXCH/TYPE: INSPAYMENT ID: 2432215866 DATA: BILL PAYMENT CO: FARMERS INS EXCH,661.91,,2414.83,NA,B,Insurance,N,,,,
04-14-2022,,Withdrawal ACH LendingClub/TYPE: 8885963157 ID: 8510605731 DATA: Y CO: LendingClub,498.15,,3076.74,NA,B,Loan,N,,,,
04-14-2022,,Withdrawal ACH AMEX EPAYMENT/TYPE: ACH PMT ID: 0005000008 DATA: ER AM CO: AMEX EPAYMENT,35.00,,3574.89,NA,B,Bills,N,,,,
04-14-2022,,Withdrawal DEBIT CARD/H-E-B #265 CEDAR PARK TX Date 04/13/22 24427332103740277253935 Card 2272Merchant Category Code: 5411,42.04,,3609.89,2272,P,Groceries,N,,,,
04-13-2022,,Withdrawal DEBIT CARD/SHELL OIL 57546015504 CEDAR PARK TX Date 04/12/22 24316052103548460059078 Card 2272Merchant Category Code: 5541,34.62,,3651.93,2272,B,Gas,N,,,,
04-13-2022,,Withdrawal DEBIT CARD/SHELL OIL 10012713003 AUSTIN TX Date 04/12/22 24316052103548199743455 Card 2272Merchant Category Code: 5541,20.56,,3686.55,2272,B,Gas,N,,,,
04-13-2022,2502,Check 2502 Tracer 813900000346001,2210.00,,3707.11,Check,,,N,,,,
04-13-2022,,Withdrawal ACH WEBFILE TAX PYMT/TYPE: DD ID: 2146000311 DATA: CPA TAX PAYMENTS CO: WEBFILE TAX PYMT,6051.99,,5917.11,NA,B,Tax,N,,,,
04-13-2022,,Withdrawal Transfer To Share 00/payroll,6000.00,,11969.10,NA,B,Transfer,N,,,,
04-13-2022,,Withdrawal Cash,4000.00,,17969.10,NA,B,Withdrawal,N,,,,
04-13-2022,,Deposit Reconciled 0000043,,0.00,0.00,,,,no,,,,
04-13-2022,,"Deposit Bulk/Checks 18,127.50 Check Count 12 Deposit Number 0000043",,18127.50,21969.10,,,,no,,,,
04-13-2022,,Deposit Reconciled 0000025,,0.00,0.00,,,,no,,,,
04-13-2022,,"Deposit Bulk/Checks 1,136.63 Check Count 1 Deposit Number 0000025",,1136.63,3841.60,,,,no,,,,
04-13-2022,,Withdrawal POS #575065/POS EL RANCHO SUPERMARKET#18 8752 BLVD AUSTIN TX Card 2272Merchant Category Code: 5411,19.14,,2704.97,2272,P,Groceries,N,,,,
04-13-2022,,Withdrawal POS #210314332341/POS WALGREENS STORE 1505 W WH CEDAR PARK TX Card 0001Merchant Category Code: 5912,68.47,,2724.11,0001,P,Health,N,,,,
04-13-2022,,Withdrawal POS #210300494520/POS 7-ELEVEN 2020 E 7th St Austin TX Card 2675 Merchant Category Code: 5542,30.32,,2792.58,2675,B,Gas,N,,,,
04-13-2022,,Withdrawal Overdrawn ACH/WEBFILE TAX PYMT,34.00,,2822.90,NA,B,Tax,N,,,,
04-13-2022,,Withdrawal ACH Fortiva PMT/TYPE: ePay ID: L270475776 CO: Fortiva PMT,175.00,,2856.90,NA,B,Loan,N,,,,
04-13-2022,,Withdrawal DEBIT CARD/SALTGRASS AUSTIN AUSTIN TX Date 04/12/22 24943002103207688500159 Card 2272Merchant Category Code: 5812,45.68,,3031.90,2272,P,Food/Entertainment,N,,,,
04-13-2022,,Withdrawal DEBIT CARD/WALGREENS #7061 CEDAR PARK TX Date 04/12/22 24445002103000731294398 Card 0001Merchant Category Code: 5912,20.51,,3077.58,0001,P,Health,N,,,,
04-13-2022,,Withdrawal DEBIT CARD/H-E-B #265 CEDAR PARK TX Date 04/12/22 24427332102740274669183 Card 4969Merchant Category Code: 5411,104.12,,3098.09,4969,P,Groceries,N,,,,
04-13-2022,,Recurring Withdrawal DEBIT CARD/MCW308-WHITESTONE 866-2543229 TX Date 04/12/22 24071052102939187743811 Card 2272Merchant Category Code: 7542,19.99,,3202.21,2272,,,N,,,,
04-12-2022,2491,Check 2491 Tracer 813800000507259,1442.50,,3222.20,Check,,,N,,,,
04-12-2022,2490,Check 2490 Tracer 813800000507258,3000.00,,4664.70,Check,,,N,,,,
04-12-2022,,Withdrawal ACH WELLS FARGO BANK/TYPE: RESERVE ID: WFRETAIL01 DATA: 15:OTISRSF CO: WELLS FARGO BANK,972.30,,7664.70,NA,B,Bills,N,,,,
04-12-2022,,Withdrawal DEBIT CARD/ROSAS CAFE & TORTILLA FTY CEDAR PARK TX Date 04/11/22 24013392102001273410887 Card 2272Merchant Category Code: 5814,29.58,,8637.00,2272,P,Food/Entertainment,N,,,,
04-12-2022,,Withdrawal POS #210214746725/POS H-E-B GAS/CARWASH #265 CEDAR PARK TX Card 4969 Merchant Category Code: 5542,56.42,,8666.58,4969,B,Gas,N,,,,
04-12-2022,,Withdrawal POS #210218015222/POS AUSTIN FAMILY MEDICINE AUSTIN TX Card 0001 Merchant Category Code: 8011,30.00,,8723.00,0001,P,Health,N,,,,
04-12-2022,2493,Check 2493 Tracer 813800000192001,2050.00,,8753.00,Check,,,N,,,,
04-12-2022,,Withdrawal Cash,960.00,,10803.00,NA,B,Withdrawal,N,,,,
04-12-2022,,Withdrawal Cash,1500.00,,11763.00,NA,B,Withdrawal,N,,,,
04-12-2022,,Deposit Reconciled 0000011,,0.00,0.00,,,,no,,,,
04-12-2022,,"Deposit Bulk/Checks 10,425.56 Check Count 2 Deposit Number 0000011",,10425.56,13263.00,,,,no,,,,
04-12-2022,,"Deposit/Bill.com, LLC Visa Direct CA Date 04/12/22 0 2102162286 2 5734 Card 0001Merchant Category Code: 5734",,2048.88,2837.44,,,,no,,,,
04-12-2022,,Uncollected Fee/Due since 04/09/22 - Overdrawn Debit,34.00,,788.56,NA,B,Fee,N,,,,
04-12-2022,,Uncollected Fee/Due since 04/09/22 - Overdrawn Debit,34.00,,822.56,NA,B,Fee,N,,,,
04-12-2022,,Uncollected Fee/Due since 04/09/22 - Overdrawn Debit,34.00,,856.56,NA,B,Fee,N,,,,
04-12-2022,,Uncollected Fee/Due since 04/09/22 - Overdrawn Debit,34.00,,890.56,NA,B,Fee,N,,,,
04-12-2022,,Uncollected Fee/Due since 04/08/22 - Overdrawn Debit,34.00,,924.56,NA,B,Fee,N,,,,
04-12-2022,,Uncollected Fee/Due since 04/08/22 - Courtesy Pay-Dbt,34.00,,958.56,NA,B,Fee,N,,,,
04-12-2022,,Uncollected Fee/Due since 04/08/22 - Courtesy Pay-Dbt,34.00,,992.56,NA,B,Fee,N,,,,
04-12-2022,,Uncollected Fee/Due since 04/08/22 - Courtesy Pay-Dbt,34.00,,1026.56,NA,B,Fee,N,,,,
04-12-2022,,Uncollected Fee/Due since 04/08/22 - Courtesy Pay-Dbt,34.00,,1060.56,NA,B,Fee,N,,,,
04-12-2022,,Uncollected Fee/Due since 04/08/22 - Courtesy Pay-Dbt,34.00,,1094.56,NA,B,Fee,N,,,,
04-12-2022,,Uncollected Fee/Due since 04/07/22 - UNPAIDNSF,34.00,,1128.56,NA,B,Fee,N,,,,
04-12-2022,,Uncollected Fee/Due since 04/07/22 - UNPAIDNSF,34.00,,1162.56,NA,B,Fee,N,,,,
04-12-2022,,Uncollected Fee/Due since 04/07/22 - UNPAIDNSF,34.00,,1196.56,NA,B,Fee,N,,,,
04-12-2022,,Uncollected Fee/Due since 04/07/22 - Courtesy Pay-Dbt,34.00,,1230.56,NA,B,Fee,N,,,,
04-12-2022,,Uncollected Fee/Due since 04/07/22 - Courtesy Pay-Dbt,34.00,,1264.56,NA,B,Fee,N,,,,
04-12-2022,,Uncollected Fee/Due since 04/07/22 - Courtesy Pay-ACH,34.00,,1298.56,NA,B,Fee,N,,,,
04-12-2022,,Uncollected Fee/Due since 04/07/22 - Courtesy Pay-Dbt,34.00,,1332.56,NA,B,Fee,N,,,,
04-12-2022,,Uncollected Fee/Due since 04/07/22 - Courtesy Pay-Dbt,34.00,,1366.56,NA,B,Fee,N,,,,
04-12-2022,,Uncollected Fee/Due since 04/06/22 - Courtesy Pay-Dbt,34.00,,1400.56,NA,B,Fee,N,,,,
04-12-2022,,Uncollected Fee/Due since 04/06/22 - Courtesy Pay-Dbt,34.00,,1434.56,NA,B,Fee,N,,,,
04-12-2022,,Uncollected Fee/Due since 04/06/22 - Courtesy Pay-Dbt,34.00,,1468.56,NA,B,Fee,N,,,,
04-12-2022,,Uncollected Fee/Due since 04/06/22 - Courtesy Pay-Dbt,34.00,,1502.56,NA,B,Fee,N,,,,
04-12-2022,,Uncollected Fee/Due since 04/05/22 - UNPAIDNSF,34.00,,1536.56,NA,B,Fee,N,,,,
04-12-2022,,Uncollected Fee/Due since 04/05/22 - Courtesy Pay-Ck,34.00,,1570.56,NA,B,Fee,N,,,,
04-12-2022,,Uncollected Fee/Due since 04/05/22 - Courtesy Pay-ACH,34.00,,1604.56,NA,B,Fee,N,,,,
04-12-2022,,Uncollected Fee/Due since 04/05/22 - Courtesy Pay-Dbt,34.00,,1638.56,NA,B,Fee,N,,,,
04-12-2022,,Uncollected Fee/Due since 04/04/22 - Courtesy Pay-Ck,34.00,,1672.56,NA,B,Fee,N,,,,
04-12-2022,,Uncollected Fee/Due since 04/04/22 - Courtesy Pay-ACH,34.00,,1706.56,NA,B,Fee,N,,,,
04-12-2022,,Uncollected Fee/Due since 04/03/22 - Courtesy Pay-Dbt,34.00,,1740.56,NA,B,Fee,N,,,,
04-12-2022,,Uncollected Fee/Due since 04/03/22 - Courtesy Pay-Dbt,34.00,,1774.56,NA,B,Fee,N,,,,
04-12-2022,,Uncollected Fee/Due since 04/03/22 - Courtesy Pay-Dbt,34.00,,1808.56,NA,B,Fee,N,,,,
04-11-2022,,"Withdrawal Transfer/To HERNANDEZ,MARTHA 331014 Loan 02",447.78,,1842.56,NA,B,Loan Transfer,N,,,,
04-11-2022,,Withdrawal ACH BCBS HEALTH HPS/TYPE: 8007928595 ID: 1361236610 CO: BCBS HEALTH HPS,174.20,,2290.34,NA,B,Insurance,N,,,,
04-11-2022,,Withdrawal ACH INTUIT 76641435/TYPE: TRAN FEE ID: 9215986202 CO: INTUIT 76641435,145.33,,2464.54,NA,B,Fee,N,,,,
04-11-2022,,Deposit ACH INTUIT 13666035/TYPE: DEPOSIT ID: 9215986202 CO: INTUIT 13666035,,4259.87,2609.87,,,,no,,,,
04-09-2022,,Uncollected Fee of $34.00 is Due,,0.00,0.00,,,,no,,,,
04-09-2022,,Overdrawn Debit,,0.00,-1650.00,,,,no,,,,
04-09-2022,,Recurring Withdrawal Bill Payment - #209920700774/BP ADOBE ACROPRO SUBS 408-536-6000 CA Card 0001 Merchant Category Code: 5734,16.23,,-1650.00,0001,B,Software,N,,,,
04-09-2022,,Uncollected Fee of $34.00 is Due,,0.00,0.00,,,,no,,,,
04-09-2022,,Overdrawn Debit,,0.00,-1633.77,,,,no,,,,
04-09-2022,,Withdrawal DEBIT CARD/WHITTLESEY LANDSCAPE-NAB ROUND ROCK TX Date 04/08/22 24801972099400785000634 Card 2675Merchant Category Code: 1740,52.80,,-1633.77,2675,B,Landscape,N,,,,
04-09-2022,,Uncollected Fee of $34.00 is Due,,0.00,0.00,,,,no,,,,
04-09-2022,,Overdrawn Debit,,0.00,-1580.97,,,,no,,,,
04-09-2022,,Withdrawal DEBIT CARD/WHITTLESEY LANDSCAPE-NAB ROUND ROCK TX Date 04/08/22 24801972099400785000022 Card 2675Merchant Category Code: 1740,52.80,,-1580.97,2675,B,Landscape,N,,,,
04-09-2022,,Uncollected Fee of $34.00 is Due,,0.00,0.00,,,,no,,,,
04-09-2022,,Overdrawn Debit,,0.00,-1528.17,,,,no,,,,
04-09-2022,,Withdrawal DEBIT CARD/TXTAG 888 468 9824 888-468-9824 TX Date 04/08/22 24055232098762376108404 Card 2272Merchant Category Code: 9399,40.00,,-1528.17,2272,B,Car,N,,,,
04-08-2022,,Uncollected Fee of $34.00 is Due,,0.00,0.00,,,,no,,,,
04-08-2022,,Overdrawn Debit,,0.00,-1488.17,,,,no,,,,
04-08-2022,,Withdrawal DEBIT CARD/THE HOME DEPOT #0509 AUSTIN TX Date 04/07/22 24943012098010191447801 Card 2675Merchant Category Code: 5200,50.00,,-1488.17,2675,B,Supplies,N,,,,
04-08-2022,,Uncollected Fee of $34.00 is Due,,0.00,0.00,,,,no,,,,
04-08-2022,,Courtesy Pay-Dbt,,0.00,-1438.17,,,,no,,,,
04-08-2022,,Withdrawal POS #209800970458/POS 7-ELEVEN 6111 Bee Cave Rd Austin TX Card 0718 Merchant Category Code: 5542,10.85,,-1438.17,0718,B,Gas,N,,,,
04-08-2022,,Uncollected Fee of $34.00 is Due,,0.00,0.00,,,,no,,,,
04-08-2022,,Courtesy Pay-Dbt,,0.00,-1427.32,,,,no,,,,
04-08-2022,,Withdrawal POS #318988/POS STAR STOP 36 7510 N MOPAC EXPRESSWAY AUSTIN TX Card 2675Merchant Category Code: 5542,125.00,,-1427.32,2675,B,Gas,N,,,,
04-08-2022,,Uncollected Fee of $34.00 is Due,,0.00,0.00,,,,no,,,,
04-08-2022,,Courtesy Pay-Dbt,,0.00,-1302.32,,,,no,,,,
04-08-2022,,Withdrawal DEBIT CARD/WHITTLESEY LANDSCAPE-NAB ROUND ROCK TX Date 04/07/22 24801972098400784000602 Card 2675Merchant Category Code: 1740,64.00,,-1302.32,2675,B,Landscape,N,,,,
04-08-2022,,Uncollected Fee of $34.00 is Due,,0.00,0.00,,,,no,,,,
04-08-2022,,Courtesy Pay-Dbt,,0.00,-1238.32,,,,no,,,,
04-08-2022,,Withdrawal DEBIT CARD/POPEYES 11676 / 308 AUSTIN TX Date 04/07/22 24231682098400000108945 Card 2675Merchant Category Code: 5814,28.22,,-1238.32,2675,P,Food/Entertainment,N,,,,
04-08-2022,,Uncollected Fee of $34.00 is Due,,0.00,0.00,,,,no,,,,
04-08-2022,,Courtesy Pay-Dbt,,0.00,-1210.10,,,,no,,,,
04-08-2022,,Withdrawal DEBIT CARD/THE CROMEENS LAW FIRM HOUSTON TX Date 04/07/22 24559302097900010277374 Card 2272Merchant Category Code: 8111,75.00,,-1210.10,2272,B,Law,N,,,,
04-07-2022,,Uncollected Fee of $34.00 is Due,,0.00,0.00,,,,no,,,,
04-07-2022,,UNPAIDNSF 2497/In the amount $500.00.,,0.00,-1135.10,,,,no,,,,
04-07-2022,,Uncollected Fee of $34.00 is Due,,0.00,0.00,,,,no,,,,
04-07-2022,,"UNPAIDNSF 2494/In the amount $2,900.00.",,0.00,-1135.10,,,,no,,,,
04-07-2022,,Uncollected Fee of $34.00 is Due,,0.00,0.00,,,,no,,,,
04-07-2022,,UNPAIDNSF 2492/In the amount $850.00.,,0.00,-1135.10,,,,no,,,,
04-07-2022,2495,Check 2495 Tracer 813300000236001,892.50,,-1135.10,Check,,,N,,,,
04-07-2022,,Withdrawal Courtesy Pay fee,34.00,,-242.60,NA,B,Fee,N,,,,
04-07-2022,,Uncollected Fee of $34.00 is Due,,0.00,0.00,,,,no,,,,
04-07-2022,,Courtesy Pay-Dbt,,0.00,-208.60,,,,no,,,,
04-07-2022,,Withdrawal POS #209711615634/POS RANDALLS #2485 AUSTIN TX Card 2675 Merchant Category Code: 5411,10.49,,-208.60,2675,P,Groceries,N,,,,
04-07-2022,,Uncollected Fee of $34.00 is Due,,0.00,0.00,,,,no,,,,
04-07-2022,,Courtesy Pay-Dbt,,0.00,-198.11,,,,no,,,,
04-07-2022,,Withdrawal POS #209745482001/POS NST THE HOME DEPOT 002420 1200 HOME DEPOT BLVD SUNSET VALLEY TX Card 2675Merchant Category Code: 5200,6.47,,-198.11,2675,B,Supplies,N,,,,
04-07-2022,,Uncollected Fee of $34.00 is Due,,0.00,0.00,,,,no,,,,
04-07-2022,,Courtesy Pay-ACH,,0.00,-191.64,,,,no,,,,
04-07-2022,,Withdrawal ACH AMERICAN GEN LIF/TYPE: INS PAYMT ID: 4250598210 CO: AMERICAN GEN LIF,60.11,,-191.64,NA,P,Insurance,N,,,,
04-07-2022,,Uncollected Fee of $34.00 is Due,,0.00,0.00,,,,no,,,,
04-07-2022,,Courtesy Pay-Dbt,,0.00,-131.53,,,,no,,,,
04-07-2022,,Withdrawal DEBIT CARD/CITY OF CEDAR PARK 512-4015000 TX Date 04/06/22 24755422096640965422489 Card 0001Merchant Category Code: 4900,259.37,,-131.53,0001,P,Utilities,N,,,,
04-07-2022,,Uncollected Fee of $34.00 is Due,,0.00,0.00,,,,no,,,,
04-07-2022,,Courtesy Pay-Dbt,,0.00,127.84,,,,no,,,,
04-07-2022,,Withdrawal DEBIT CARD/TXTAG 888 468 9824 888-468-9824 TX Date 04/06/22 24055232096762956104551 Card 2272Merchant Category Code: 9399,40.00,,127.84,2272,B,Car,N,,,,
04-06-2022,,Uncollected Fee of $34.00 is Due,,0.00,0.00,,,,no,,,,
04-06-2022,,Courtesy Pay-Dbt,,0.00,167.84,,,,no,,,,
04-06-2022,,Withdrawal DEBIT CARD/CHEVRON 0155648 AUSTIN TX Date 04/06/22 24692162096100776901971 Card 2675Merchant Category Code: 5542,2.57,,167.84,2675,B,Gas,N,,,,
04-06-2022,,Uncollected Fee of $34.00 is Due,,0.00,0.00,,,,no,,,,
04-06-2022,,Courtesy Pay-Dbt,,0.00,170.41,,,,no,,,,
04-06-2022,,Withdrawal DEBIT CARD/RANDALLS #3145 LEANDER TX Date 04/05/22 24231682096837001312103 Card 4969Merchant Category Code: 5411,81.32,,170.41,4969,P,Groceries,N,,,,
04-06-2022,,Deposit Reconciled 0000013,,0.00,0.00,,,,no,,,,
04-06-2022,,"Deposit Bulk/Checks 1,995.13 Check Count 3 Deposit Number 0000013",,1995.13,251.73,,,,no,,,,
04-06-2022,,Uncollected Fee of $34.00 is Due,,0.00,0.00,,,,no,,,,
04-06-2022,,Courtesy Pay-Dbt,,0.00,-1743.40,,,,no,,,,
04-06-2022,,Withdrawal DEBIT CARD/CARENOW-CEDAR PARK CEDAR PARK TX Date 04/05/22 24761972095286652300112 Card 4969Merchant Category Code: 8011,45.00,,-1743.40,4969,P,Health,N,,,,
04-06-2022,,Uncollected Fee of $34.00 is Due,,0.00,0.00,,,,no,,,,
04-06-2022,,Courtesy Pay-Dbt,,0.00,-1698.40,,,,no,,,,
04-06-2022,,Withdrawal DEBIT CARD/LAKELINE XPRESS MART CEDAR PARK TX Date 04/05/22 24137462096001018900937 Card 2272Merchant Category Code: 5541,11.14,,-1698.40,2272,P,Food/Entertainment,N,,,,
04-05-2022,,Uncollected Fee of $34.00 is Due,,0.00,0.00,,,,no,,,,
04-05-2022,,UNPAIDNSF 2500/In the amount $910.00.,,0.00,-1687.26,,,,no,,,,
04-05-2022,,Uncollected Fee of $34.00 is Due,,0.00,0.00,,,,no,,,,
04-05-2022,,Courtesy Pay-Ck,,0.00,-1687.26,,,,no,,,,
04-05-2022,2499,Check 2499 Tracer 813100000431773,3478.00,,-1687.26,Check,,,N,,,,
04-05-2022,2498,Check 2498 Tracer 813100000431779,2620.00,,1790.74,Check,,,N,,,,
04-05-2022,,Recurring Withdrawal DEBIT CARD/APPLE.COM/BILL 866-712-7753 CA Date 04/05/22 24692162095100995757411 Card 2272Merchant Category Code: 5735,2.99,,4410.74,2272,P,Software,N,,,,
04-05-2022,,Withdrawal POS #209519728337/POS WALGREENS STORE 905 CRYST LEANDER TX Card 4969 Merchant Category Code: 5912,30.06,,4413.73,4969,P,Health,N,,,,
04-05-2022,2496,Check 2496 Tracer 813100000173001,1408.00,,4443.79,Check,,,N,,,,
04-05-2022,,Deposit Reconciled 0000025,,0.00,0.00,,,,no,,,,
04-05-2022,,"Deposit Bulk/Checks 6,495.00 Check Count 1 Deposit Number 0000025",,6495.00,5851.79,,,,no,,,,
04-05-2022,,Uncollected Fee of $34.00 is Due,,0.00,0.00,,,,no,,,,
04-05-2022,,Courtesy Pay-ACH,,0.00,-643.21,,,,no,,,,
04-05-2022,,Withdrawal ACH FARMERS INS EXCH/TYPE: INSPAYMENT ID: 2432215866 DATA: BILL PAYMENT CO: FARMERS INS EXCH,1005.33,,-643.21,NA,B,Insurance,N,,,,
04-05-2022,,Withdrawal ACH City of Austin T/TYPE: PAYMENT ID: 5746000085 CO: City of Austin T,132.78,,362.12,NA,B,Utilities,N,,,,
04-05-2022,,Withdrawal ACH AMERICAN GEN LIF/TYPE: INS PAYMT ID: 4250598210 CO: AMERICAN GEN LIF,44.54,,494.90,NA,P,Insurance,N,,,,
04-05-2022,,Withdrawal ACH INTUIT 50156395/TYPE: TRAN FEE ID: 9215986202 CO: INTUIT 50156395,18.33,,539.44,NA,B,Fee,N,,,,
04-05-2022,,Deposit ACH INTUIT 87289845/TYPE: DEPOSIT ID: 9215986202 CO: INTUIT 87289845,,1190.75,557.77,,,,no,,,,
04-05-2022,,Deposit ACH Ternion Growth P/TYPE: SIGONFILE ID: 9000830338 DATA: 805-680-2004 CO: Ternion Growth P,,497.95,-632.98,,,,no,,,,
04-05-2022,,Deposit ACH Ternion Growth P/TYPE: SIGONFILE ID: 9000830338 DATA: 805-680-2004 CO: Ternion Growth P,,497.95,-1130.93,,,,no,,,,
04-05-2022,,Uncollected Fee of $34.00 is Due,,0.00,0.00,,,,no,,,,
04-05-2022,,Courtesy Pay-Dbt,,0.00,-1628.88,,,,no,,,,
04-05-2022,,Withdrawal DEBIT CARD/AUSTIN RENT WAY AUSTIN TX Date 04/04/22 24755422095730956245741 Card 2675Merchant Category Code: 7394,157.80,,-1628.88,2675,B,Supplies,N,,,,
04-04-2022,,Uncollected Fee of $34.00 is Due,,0.00,0.00,,,,no,,,,
04-04-2022,,Courtesy Pay-Ck,,0.00,-1471.08,,,,no,,,,
04-04-2022,2489,Check 2489 Tracer 813000000578047,1000.00,,-1471.08,Check,,,N,,,,
04-04-2022,,Uncollected Fee of $34.00 is Due,,0.00,0.00,,,,no,,,,
04-04-2022,,Courtesy Pay-ACH,,0.00,-471.08,,,,no,,,,
04-04-2022,,Withdrawal ACH BKAMERICA/TYPE: IC PAYMENT ID: 1409936115 CO: BKAMERICA,877.05,,-471.08,NA,B,Bills,N,,,,
04-04-2022,,Withdrawal ACH CAPITAL ONE/TYPE: MOBILE PMT ID: 9279744980 CO: CAPITAL ONE,100.00,,405.97,NA,B,Loan,N,,,,
04-04-2022,,Deposit ACH Ambetter/TYPE: HEALTH INS ID: A113580784 CO: Ambetter,,608.30,505.97,,,,no,,,,
04-03-2022,,Uncollected Fee of $34.00 is Due,,0.00,0.00,,,,no,,,,
04-03-2022,,Courtesy Pay-Dbt,,0.00,-102.33,,,,no,,,,
04-03-2022,,Withdrawal POS #209314250364/POS O'REILLY AUTO PARTS 2076 AUSTIN TX Card 2675 Merchant Category Code: 5533,7.03,,-102.33,2675,B,Car Maintenance,N,,,,
04-03-2022,,Uncollected Fee of $34.00 is Due,,0.00,0.00,,,,no,,,,
04-03-2022,,Courtesy Pay-Dbt,,0.00,-95.30,,,,no,,,,
04-03-2022,,Withdrawal POS #209300464700/POS 7-ELEVEN 105 East Stassney Austin TX Card 2675 Merchant Category Code: 5542,27.04,,-95.30,2675,B,Gas,N,,,,
04-03-2022,,Uncollected Fee of $34.00 is Due,,0.00,0.00,,,,no,,,,
04-03-2022,,Courtesy Pay-Dbt,,0.00,-68.26,,,,no,,,,
04-03-2022,,Withdrawal POS #209300454812/POS 7-ELEVEN 105 East Stassney Austin TX Card 2675 Merchant Category Code: 5542,100.00,,-68.26,2675,B,Gas,N,,,,
04-03-2022,,Withdrawal Bill Payment #209323150933/BP TDS LANDFILL 800-3758375 TX Card 2675 Merchant Category Code: 4900,168.50,,31.74,2675,B,Supplies,N,,,,
04-02-2022,,Withdrawal DEBIT CARD/LOC CITIZENS*305975116 401-2825259 CT Date 04/01/22 24638572091016036665432 Card 4969Merchant Category Code: 6012,63.76,,200.24,4969,B,Loan,N,,,,
04-01-2022,,Withdrawal DEBIT CARD/TEXAS HONE* TEXAS HONE rob@texashone TX Date 04/01/22 24492162091000037317420 Card 0718Merchant Category Code: 5812,46.44,,264.00,0718,P,Food/Entertainment,N,,,,
04-01-2022,,Withdrawal DEBIT CARD/91280 - AUSTIN-BERGSTROM AUSTIN TX Date 04/01/22 24034542091000066143562 Card 2272Merchant Category Code: 7523,5.00,,310.44,2272,B,,N,,,,
04-01-2022,,Withdrawal ACH Financial Pacifi/TYPE: LEASE PYMT ID: 9118771358 CO: Financial Pacifi,524.83,,315.44,NA,B,Loan,N,,,,
04-01-2022,,Withdrawal ACH NAVIENT/TYPE: NAVI DEBIT ID: 3520974271 DATA: LSC/F ------ CO: NAVIENT,204.90,,840.27,NA,B,Loan,N,,,,
04-01-2022,,Withdrawal DEBIT CARD/DD DOORDASH JERSEYMIK 855-973-1040 CA Date 04/01/22 24492152091717148335709 Card 4969Merchant Category Code: 5812,33.97,,1045.17,4969,P,Food/Entertainment,N,,,,
04-01-2022,,Withdrawal POS #209115827901/POS THE HOME DEPOT 6570 1200 HOME DEPOT BLVD SUNSET VALLEY TX Card 2675Merchant Category Code: 5200,41.03,,1079.14,2675,B,Supplies,N,,,,
04-01-2022,,Uncollected Fee/Due since 03/31/22 - Courtesy Pay-Dbt,34.00,,1120.17,NA,B,Fee,N,,,,
03-31-2022,,Deposit Reconciled 0000023,,0.00,0.00,,,,no,,,,
03-31-2022,,"Deposit Bulk/Checks 1,208.07 Check Count 1 Deposit Number 0000023",,1208.07,1267.39,,,,no,,,,
03-31-2022,,Uncollected Fee of $34.00 is Due,,0.00,0.00,,,,no,,,,
03-31-2022,,Courtesy Pay-Dbt,,0.00,59.32,,,,no,,,,
03-30-2022,,Deposit Reconciled 0000022,,0.00,0.00,,,,no,,,,
03-30-2022,,"Deposit Bulk/Checks 1,933.97 Check Count 2 Deposit Number 0000022",,1933.97,954.46,,,,no,,,,
03-30-2022,,Uncollected Fee of $34.00 is Due,,0.00,0.00,,,,no,,,,
03-30-2022,,Courtesy Pay-Dbt,,0.00,-979.51,,,,no,,,,
03-29-2022,,Uncollected Fee of $34.00 is Due,,0.00,0.00,,,,no,,,,
03-29-2022,,Courtesy Pay-Ck,,0.00,-939.51,,,,no,,,,
03-29-2022,,Uncollected Fee of $34.00 is Due,,0.00,0.00,,,,no,,,,
03-29-2022,,Courtesy Pay-Ck,,0.00,-89.51,,,,no,,,,
03-29-2022,,Deposit Transfer From Loan 00,,95.67,2310.49,,,,no,,,,
03-28-2022,,Deposit Transfer From Share 00/Funds Transfer via Online,,2400.00,4901.47,,,,no,,,,
03-25-2022,,Deposit Reconciled 0000060,,0.00,0.00,,,,no,,,,
03-25-2022,,"Deposit Bulk/Checks 15,985.41 Check Count 1 Deposit Number 0000060",,15985.41,16092.65,,,,no,,,,
03-24-2022,,Deposit ACH INTUIT 14918775/TYPE: DEPOSIT ID: 9215986202 CO: INTUIT 14918775,,105.06,1254.71,,,,no,,,,
03-22-2022,,Deposit Reconciled 0000011,,0.00,0.00,,,,no,,,,
03-22-2022,,"Check hold release 03/24/22 5,152.86",,0.00,0.00,,,,no,,,,
03-22-2022,,Check hold release 03/23/22 225.00,,0.00,0.00,,,,no,,,,
03-22-2022,,"Deposit Bulk/Checks 7,280.77 Check Count 2 Deposit Number 0000011",,7280.77,6515.13,,,,no,,,,
03-22-2022,,Uncollected Fee of $34.00 is Due,,0.00,0.00,,,,no,,,,
03-22-2022,,Courtesy Pay-ACH,,0.00,-765.64,,,,no,,,,
03-22-2022,,Uncollected Fee of $34.00 is Due,,0.00,0.00,,,,no,,,,
03-22-2022,,Courtesy Pay-ACH,,0.00,-109.44,,,,no,,,,
03-22-2022,,Deposit ACH Ternion Growth P/TYPE: SIGONFILE ID: 9000830338 DATA: 805-680-2004 CO: Ternion Growth P,,1023.63,144.68,,,,no,,,,
03-22-2022,,Deposit ACH INTUIT 02577215/TYPE: DEPOSIT ID: 9215986202 CO: INTUIT 02577215,,866.00,-878.95,,,,no,,,,
03-22-2022,,Deposit ACH Ternion Growth P/TYPE: SIGONFILE ID: 9000830338 DATA: 805-680-2004 CO: Ternion Growth P,,433.00,-1744.95,,,,no,,,,
03-21-2022,,Uncollected Fee of $34.00 is Due,,0.00,0.00,,,,no,,,,
03-21-2022,,UNPAIDNSF 50133/In the amount $923.50.,,0.00,-2177.95,,,,no,,,,
03-21-2022,,Uncollected Fee of $34.00 is Due,,0.00,0.00,,,,no,,,,
03-21-2022,,"UNPAIDNSF 2478/In the amount $2,800.00.",,0.00,-2177.95,,,,no,,,,
03-21-2022,,Uncollected Fee of $34.00 is Due,,0.00,0.00,,,,no,,,,
03-21-2022,,UNPAIDNSF 2474/In the amount $850.00.,,0.00,-2177.95,,,,no,,,,
03-21-2022,,Uncollected Fee of $34.00 is Due,,0.00,0.00,,,,no,,,,
03-21-2022,,"UNPAIDNSF 2473/In the amount $1,128.00.",,0.00,-2177.95,,,,no,,,,
03-21-2022,,Uncollected Fee of $34.00 is Due,,0.00,0.00,,,,no,,,,
03-21-2022,,Overdrawn ACH/ATT,,0.00,-2177.95,,,,no,,,,
03-21-2022,,Uncollected Fee of $34.00 is Due,,0.00,0.00,,,,no,,,,
03-21-2022,,Overdrawn ACH/CAPITAL ONE,,0.00,-2177.95,,,,no,,,,
03-21-2022,,Uncollected Fee of $34.00 is Due,,0.00,0.00,,,,no,,,,
03-21-2022,,Overdrawn ACH/ALLSTATE INS CO,,0.00,-2177.95,,,,no,,,,
03-18-2022,,Uncollected Fee of $34.00 is Due,,0.00,0.00,,,,no,,,,
03-18-2022,,"UNPAIDNSF 2477/In the amount $2,380.00.",,0.00,-2177.95,,,,no,,,,
03-18-2022,,Uncollected Fee of $34.00 is Due,,0.00,0.00,,,,no,,,,
03-18-2022,,Overdrawn ACH/ALLSTATE INS CO,,0.00,-2177.95,,,,no,,,,
03-18-2022,,Uncollected Fee of $34.00 is Due,,0.00,0.00,,,,no,,,,
03-18-2022,,Overdrawn ACH/*LINCOLN NATLIFE,,0.00,-2177.95,,,,no,,,,
03-18-2022,,Uncollected Fee of $34.00 is Due,,0.00,0.00,,,,no,,,,
03-18-2022,,Overdrawn ACH/ALLSTATE INS CO,,0.00,-2177.95,,,,no,,,,
03-18-2022,,Uncollected Fee of $34.00 is Due,,0.00,0.00,,,,no,,,,
03-18-2022,,Courtesy Pay-ACH,,0.00,-2177.95,,,,no,,,,
03-18-2022,,Uncollected Fee of $34.00 is Due,,0.00,0.00,,,,no,,,,
03-18-2022,,Courtesy Pay-Dbt,,0.00,-2148.95,,,,no,,,,
03-17-2022,,Uncollected Fee of $34.00 is Due,,0.00,0.00,,,,no,,,,
03-17-2022,,UNPAIDNSF 50148/In the amount $784.98.,,0.00,-2143.76,,,,no,,,,
03-17-2022,,Uncollected Fee of $34.00 is Due,,0.00,0.00,,,,no,,,,
03-17-2022,,"UNPAIDNSF 2483/In the amount $2,400.00.",,0.00,-2143.76,,,,no,,,,
03-17-2022,,Uncollected Fee of $34.00 is Due,,0.00,0.00,,,,no,,,,
03-17-2022,,Courtesy Pay-Dbt,,0.00,-2143.76,,,,no,,,,
03-17-2022,,Uncollected Fee of $34.00 is Due,,0.00,0.00,,,,no,,,,
03-17-2022,,Courtesy Pay-Dbt,,0.00,-2080.19,,,,no,,,,
03-16-2022,,Uncollected Fee of $34.00 is Due,,0.00,0.00,,,,no,,,,
03-16-2022,,Courtesy Pay-Ck,,0.00,-2001.47,,,,no,,,,
03-16-2022,,Uncollected Fee of $34.00 is Due,,0.00,0.00,,,,no,,,,
03-16-2022,,Courtesy Pay-Ck,,0.00,-1001.47,,,,no,,,,
03-16-2022,,Uncollected Fee of $34.00 is Due,,0.00,0.00,,,,no,,,,
03-16-2022,,Courtesy Pay-Dbt,,0.00,-211.47,,,,no,,,,
03-15-2022,,Deposit Transfer From Share 00/Funds Transfer via Online,,14000.00,13081.29,,,,no,,,,
03-15-2022,,Withdrawal Adjustment POS #207432743301/POS THE HOME DEPOT 6570 1200 HOME DEPOT BLVD SUNSET VALLEY TX Card 2272Merchant Category Code: 5200,,59.49,1971.65,,,,no,,,,
03-15-2022,,RETURNED ITEM FEE,,0.00,0.00,,,,no,,,,
03-15-2022,,RETURNED ITEM,,0.00,0.00,,,,no,,,,
03-14-2022,,Deposit Reconciled 0000043,,0.00,0.00,,,,no,,,,
03-14-2022,,"Deposit Bulk/Checks 5,618.79 Check Count 2 Deposit Number 0000043",,5618.79,12646.13,,,,no,,,,
03-14-2022,,Deposit Reconciled 0000036,,0.00,0.00,,,,no,,,,
03-14-2022,,Deposit Bulk/Checks 180.42 Check Count 1 Deposit Number 0000036,,180.42,9795.57,,,,no,,,,
03-14-2022,,Deposit ACH Texas Windstrom/TYPE: PAYABLES ID: 2746189303 DATA: DYNAMICS EFT DEPOSIT CO: Texas Windstrom,,8784.00,32149.35,,,,no,,,,
03-14-2022,,Deposit ACH INTUIT 53556865/TYPE: DEPOSIT ID: 9215986202 CO: INTUIT 53556865,,1806.04,23365.35,,,,no,,,,
03-11-2022,,Withdrawal Adjustment Credit Voucher/LOWES #01727* AUSTIN TX Date 03/11/22 74692162070100992610617 Card 2272Merchant Category Code: 5200,,41.11,22835.20,,,,no,,,,
03-11-2022,,Deposit Reconciled 0000053,,0.00,0.00,,,,no,,,,
03-11-2022,,Deposit Reconciled 0000077,,0.00,0.00,,,,no,,,,
03-11-2022,,"Deposit Bulk/Checks 30,363.97 Check Count 19 Deposit Number 0000077",,30363.97,33053.55,,,,no,,,,
03-11-2022,,Deposit Bulk/Checks 389.70 Check Count 1 Deposit Number 0000053,,389.70,2689.58,,,,no,,,,
03-11-2022,,LOWE'S #1727 Pending credit/return for/$41.11 on card 2272,,0.00,0.00,,,,no,,,,
03-10-2022,,Deposit Reconciled 0000029,,0.00,0.00,,,,no,,,,
03-10-2022,,"Deposit Bulk/Checks 2,953.06 Check Count 1 Deposit Number 0000029",,2953.06,3393.04,,,,no,,,,
03-09-2022,,Deposit Reconciled 0000027,,0.00,0.00,,,,no,,,,
03-09-2022,,"Deposit Bulk/Checks 7,361.00 Check Count 2 Deposit Number 0000027",,7361.00,6675.65,,,,no,,,,
03-09-2022,,Uncollected Fee of $34.00 is Due,,0.00,0.00,,,,no,,,,
03-09-2022,,Courtesy Pay-Dbt,,0.00,-685.35,,,,no,,,,
03-09-2022,,Uncollected Fee of $34.00 is Due,,0.00,0.00,,,,no,,,,
03-09-2022,,Courtesy Pay-Dbt,,0.00,-664.79,,,,no,,,,
03-09-2022,,Uncollected Fee of $34.00 is Due,,0.00,0.00,,,,no,,,,
03-09-2022,,Courtesy Pay-ACH,,0.00,-599.50,,,,no,,,,
03-09-2022,,Uncollected Fee of $34.00 is Due,,0.00,0.00,,,,no,,,,
03-09-2022,,Courtesy Pay-ACH,,0.00,-494.30,,,,no,,,,
03-08-2022,,Uncollected Fee of $34.00 is Due,,0.00,0.00,,,,no,,,,
03-08-2022,,UNPAIDNSF 50148/In the amount $784.98.,,0.00,-434.19,,,,no,,,,
03-08-2022,,Uncollected Fee of $34.00 is Due,,0.00,0.00,,,,no,,,,
03-08-2022,,Courtesy Pay-Dbt,,0.00,-434.19,,,,no,,,,
03-08-2022,,Uncollected Fee of $34.00 is Due,,0.00,0.00,,,,no,,,,
03-08-2022,,Courtesy Pay-ACH,,0.00,-417.96,,,,no,,,,
03-08-2022,,"Deposit/Bill.com, LLC Visa Direct CA Date 03/08/22 1 2067331444 6 5734 Card 0001Merchant Category Code: 5734",,2048.88,-312.76,,,,no,,,,
03-08-2022,,Uncollected Fee of $34.00 is Due,,0.00,0.00,,,,no,,,,
03-08-2022,,Overdrawn ACH/*LINCOLN NATLIFE,,0.00,-2361.64,,,,no,,,,
03-07-2022,,Uncollected Fee of $34.00 is Due,,0.00,0.00,,,,no,,,,
03-07-2022,,Overdrawn Debit,,0.00,-2361.64,,,,no,,,,
03-07-2022,,Uncollected Fee of $34.00 is Due,,0.00,0.00,,,,no,,,,
03-07-2022,,Courtesy Pay-Dbt,,0.00,-147.62,,,,no,,,,
03-07-2022,,Deposit Reconciled 0000005,,0.00,0.00,,,,no,,,,
03-07-2022,,"Deposit Bulk/Checks 3,514.71 Check Count 3 Deposit Number 0000005",,3514.71,2585.93,,,,no,,,,
03-06-2022,,Uncollected Fee of $34.00 is Due,,0.00,0.00,,,,no,,,,
03-06-2022,,Courtesy Pay-Dbt,,0.00,-928.78,,,,no,,,,
03-06-2022,,Uncollected Fee of $34.00 is Due,,0.00,0.00,,,,no,,,,
03-06-2022,,Courtesy Pay-Dbt,,0.00,-862.35,,,,no,,,,
03-06-2022,,Uncollected Fee of $34.00 is Due,,0.00,0.00,,,,no,,,,
03-06-2022,,Courtesy Pay-Dbt,,0.00,-845.56,,,,no,,,,
03-06-2022,,Uncollected Fee of $34.00 is Due,,0.00,0.00,,,,no,,,,
03-06-2022,,Courtesy Pay-Dbt,,0.00,-773.28,,,,no,,,,
03-05-2022,,Uncollected Fee of $34.00 is Due,,0.00,0.00,,,,no,,,,
03-05-2022,,Courtesy Pay-Dbt,,0.00,-770.29,,,,no,,,,
03-05-2022,,Uncollected Fee of $34.00 is Due,,0.00,0.00,,,,no,,,,
03-05-2022,,Courtesy Pay-Dbt,,0.00,-729.00,,,,no,,,,
03-05-2022,,Uncollected Fee of $34.00 is Due,,0.00,0.00,,,,no,,,,
03-05-2022,,Courtesy Pay-Dbt,,0.00,-712.57,,,,no,,,,
03-05-2022,,Uncollected Fee of $34.00 is Due,,0.00,0.00,,,,no,,,,
03-05-2022,,Courtesy Pay-Dbt,,0.00,-683.16,,,,no,,,,
03-04-2022,,Uncollected Fee of $34.00 is Due,,0.00,0.00,,,,no,,,,
03-04-2022,,"UNPAIDNSF 50155/In the amount $2,350.61.",,0.00,-669.10,,,,no,,,,
03-04-2022,,Uncollected Fee of $34.00 is Due,,0.00,0.00,,,,no,,,,
03-04-2022,,"UNPAIDNSF 50154/In the amount $1,675.67.",,0.00,-669.10,,,,no,,,,
03-04-2022,,Uncollected Fee of $34.00 is Due,,0.00,0.00,,,,no,,,,
03-04-2022,,Courtesy Pay-Ck,,0.00,-669.10,,,,no,,,,
03-04-2022,,Uncollected Fee of $34.00 is Due,,0.00,0.00,,,,no,,,,
03-04-2022,,Courtesy Pay-Dbt,,0.00,-9.10,,,,no,,,,
03-04-2022,,Uncollected Fee of $34.00 is Due,,0.00,0.00,,,,no,,,,
03-04-2022,,Courtesy Pay-Dbt,,0.00,1.73,,,,no,,,,
03-04-2022,,Deposit Reconciled 0000057,,0.00,0.00,,,,no,,,,
03-04-2022,,"Deposit Bulk/Checks 1,190.75 Check Count 1 Deposit Number 0000057",,1190.75,62.66,,,,no,,,,
03-04-2022,,Uncollected Fee of $34.00 is Due,,0.00,0.00,,,,no,,,,
03-04-2022,,Courtesy Pay-Dbt,,0.00,-1128.09,,,,no,,,,
03-04-2022,,Uncollected Fee of $34.00 is Due,,0.00,0.00,,,,no,,,,
03-04-2022,,Courtesy Pay-ACH,,0.00,-1039.15,,,,no,,,,
03-04-2022,,Deposit ACH PEAK6 GROUP/TYPE: PAYMENT ID: 1364166492 CO: PEAK6 GROUP,,1120.39,-162.10,,,,no,,,,
03-04-2022,,Deposit ACH Ternion Growth P/TYPE: SIGONFILE ID: 9000830338 DATA: 805-680-2004 CO: Ternion Growth P,,433.00,-1282.49,,,,no,,,,
03-04-2022,,Uncollected Fee of $34.00 is Due,,0.00,0.00,,,,no,,,,
03-04-2022,,Courtesy Pay-Dbt,,0.00,-1715.49,,,,no,,,,
03-03-2022,,Uncollected Fee of $34.00 is Due,,0.00,0.00,,,,no,,,,
03-03-2022,,"UNPAIDNSF 50153/In the amount $1,232.15.",,0.00,-1687.96,,,,no,,,,
03-03-2022,,Uncollected Fee of $34.00 is Due,,0.00,0.00,,,,no,,,,
03-03-2022,,"UNPAIDNSF 50151/In the amount $1,367.63.",,0.00,-1687.96,,,,no,,,,
03-03-2022,,Uncollected Fee of $34.00 is Due,,0.00,0.00,,,,no,,,,
03-03-2022,,Overdrawn ACH/BKAMERICA,,0.00,-1687.96,,,,no,,,,
03-03-2022,,Uncollected Fee of $34.00 is Due,,0.00,0.00,,,,no,,,,
03-03-2022,,Courtesy Pay-ACH,,0.00,-1687.96,,,,no,,,,
03-03-2022,,Uncollected Fee of $34.00 is Due,,0.00,0.00,,,,no,,,,
03-03-2022,,Courtesy Pay-ACH,,0.00,-1587.96,,,,no,,,,
03-03-2022,,Uncollected Fee of $34.00 is Due,,0.00,0.00,,,,no,,,,
03-03-2022,,Courtesy Pay-ACH,,0.00,-1543.42,,,,no,,,,
03-03-2022,,Deposit ACH INTUIT 04562885/TYPE: DEPOSIT ID: 9215986202 CO: INTUIT 04562885,,324.75,-1533.75,,,,no,,,,
03-02-2022,,Uncollected Fee of $34.00 is Due,,0.00,0.00,,,,no,,,,
03-02-2022,,Courtesy Pay-Dbt,,0.00,-1858.50,,,,no,,,,
03-02-2022,,Uncollected Fee of $34.00 is Due,,0.00,0.00,,,,no,,,,
03-02-2022,,Overdrawn ACH/ADP - TAX,,0.00,-1833.49,,,,no,,,,
03-02-2022,,Uncollected Fee of $34.00 is Due,,0.00,0.00,,,,no,,,,
03-02-2022,,Courtesy Pay-ACH,,0.00,-1833.49,,,,no,,,,
03-02-2022,,Uncollected Fee of $34.00 is Due,,0.00,0.00,,,,no,,,,
03-02-2022,,Courtesy Pay-ACH,,0.00,-1383.49,,,,no,,,,
03-02-2022,,Uncollected Fee of $34.00 is Due,,0.00,0.00,,,,no,,,,
03-02-2022,,Courtesy Pay-Dbt,,0.00,-936.71,,,,no,,,,
03-02-2022,,Uncollected Fee of $34.00 is Due,,0.00,0.00,,,,no,,,,
03-02-2022,,Courtesy Pay-Dbt,,0.00,-915.97,,,,no,,,,
03-02-2022,,Uncollected Fee of $34.00 is Due,,0.00,0.00,,,,no,,,,
03-02-2022,,Courtesy Pay-Dbt,,0.00,-852.21,,,,no,,,,
03-01-2022,,Uncollected Fee of $34.00 is Due,,0.00,0.00,,,,no,,,,
03-01-2022,,Courtesy Pay-Ck,,0.00,-812.21,,,,no,,,,
03-01-2022,,Deposit Reconciled 0000025,,0.00,0.00,,,,no,,,,
03-01-2022,,"Deposit Bulk/Checks 5,187.00 Check Count 2 Deposit Number 0000025",,5187.00,6017.79,,,,no,,,,
